2716 4254
573 176 771 234 —128-
822 212 833 219 .-

137 325 259 388 addit.l
296 328 341 389 Fr
363 333 479 390 aulem
496 349 576 393 cum
599 333 657 395 VS
679 355 925 418 quamcumque
949 344 1060 402 uulem
1085 342 1204 404 rem...

134 433 341 518 probabilem
378 433 457 497 edit.
514 439 602 500 Cum
637 447 782 524 utraque
813 445 960 508 lectione
990 448 1112 510 eadem
1141 450 1205 512 tere

138 541 307 606 sententia
335 560 433 624 aeque
462 529 549 607 bene
573 548 796 630 exprimatur,
820 569 861 612 ex
885 552 1023 617 diversa
1047 556 1205 619 codicum

137 654 339 719 auctoritate
363 651 512 729 pendere
541 673 594 716 res
622 654 732 718 debet.
779 658 828 720 Ac
851 659 982 722 codicis
1010 663 1038 724 V
1061 659 1106 747 (S)
1124 683 1204 745 prae-

138 766 264 828 stantia
284 769 498 830 commotum
518 762 562 822 Fr
586 782 831 845 quamcumque
854 749 922 828 rem
948 768 1098 832 scribere
1123 771 1205 833 veri-

138 870 251 936 simile
281 881 341 937 est.
401 872 467 936 Sed
503 889 582 932 eum
619 870 703 932 Vse
727 870 904 952 defenderit
927 876 1090 955 praebeat‚
1115 877 1205 958 quod

139 997 217 1040 cum
251 998 497 1062 quamcumque
526 996 593 1038 rem
630 977 813 1041 convenire
847 999 917 1043 non
952 988 1076 1063 potest,
1109 1003 1205 1047 accu-

139 1087 288 1150 sativum
331 1107 402 1150 non
442 1085 547 1147 nimis
582 1083 670 1147 bene
706 1085 882 1148 firmatum
919 1088 1099 1163 codicibus
1136 1110 1207 1153 esse

144 1193 261 1269 credo;
289 1214 372 1257 nam
396 1177 476 1256 cum
501 1191 687 1253 accusativi
712 1192 922 1276 ablativique
946 1214 1093 1259 casuum
1118 1217 1209 1260 com-

139 1301 284 1364 mutatio
316 1303 352 1364 in
382 1301 411 1363 V
439 1297 718 1381 frequentissima
744 1305 805 1377 est,
835 1306 910 1363 tum
934 1303 992 1366 PR
1015 1303 1206 1367 ablativum

138 1407 301 1487 praebent.
350 1410 456 1471 Porro
493 1425 585 1483 cum,
621 1405 715 1487 quod
751 1407 904 1470 Stroebel
939 1408 970 1491 (l.
1003 1429 1044 1489 c.,
1073 1431 1106 1492 p.
1133 1386 1209 1496 illul

138 1521 266 1595 monet,
288 1513 458 1598 probabili
481 1513 617 1576 codices
642 1533 764 1576 onmes
795 1515 981 1597 praebeant,
1007 1518 1028 1580 S
1054 1525 1207 1600 excepto,

138 1621 199 1701 qui
220 1642 358 1704 p—em
384 1621 498 1699 habet,
523 1640 629 1701 quam
653 1622 759 1683 altera
783 1620 898 1703 potius
922 1623 1023 1686 lectio
1047 1645 1208 1706 quocum-

138 1747 200 1808 que
224 1734 332 1791 uutem
359 1728 392 1790 in
417 1748 450 1789 re
473 1727 653 1790 codicibus
677 1729 897 1810 comprobari
919 1729 1065 1794 videtur.
1105 1732 1208 1810 Quod

140 1833 172 1896 in
189 1836 350 1898 voculam
369 1841 446 1898 ante
464 1855 497 1896 re
513 1835 719 1898 recentiores
736 1841 871 1898 tantum
888 1837 1026 1900 codices
1043 1839 1207 1920 praebent‚

143 1961 225 2005 cave
261 1943 344 2006 huic
376 1942 424 2004 rei
457 1941 607 2004 nimium
639 1942 786 2014 tribuam
819 1942 980 2006 facillime
1014 1946 1108 2008 enim
1132 1953 1210 2029 post

139 2053 249 2111 autem
275 2049 431 2112 excidere
455 2049 579 2131 potuit:
607 2055 716 2111 aaran
741 2069 775 2111 re
798 2059 831 2118 >
856 2056 965 2113 autem
990 2072 1032 2115 re.
1050 2040 1210 2130 '-Qu0d

138 2156 294 2236 sequitur
317 2156 535 2218 enuntiatum
558 2176 632 2218 cum
650 2155 802 2238 oequitute
818 2177 920 2220 cuusu
938 2159 1127 2222 abundabit
1141 2161 1208 2222 hoc

140 2262 216 2325 loco
248 2264 403 2346 ineptum
435 2269 494 2326 est.
554 2264 664 2344 Atque
695 2264 786 2326 idem
818 2265 967 2328 sensisse
997 2265 1026 2328 is
1059 2266 1205 2344 videtur,

141 2370 200 2451 qui
231 2390 294 2453 pro
330 2391 404 2433 cum
436 2372 544 2451 legere
585 2370 696 2433 voluit
730 2370 827 2434 etium
861 2373 1080 2461 cum,1quod
1115 2371 1153 2437 8²
1185 2375 1209 2436 P

141 2478 309 2558 praebent3
347 2477 406 2540 sed
442 2478 518 2540 haec
553 2478 749 2540 emendatio
784 2498 906 2559 parum
940 2481 1062 2561 placet.
1121 2481 1208 2543 Cum

140 2591 256 2647 autem
281 2585 395 2647 locum
421 2591 622 2666 corruptum
648 2604 721 2647 esse
745 2604 950 2666 persuasum
974 2587 1136 2668 habeam,
1161 2588 1207 2650 ita

140 2676 323 2772 legendum
355 2711 427 2755 esse
458 2711 592 2765 censeo,
622 2697 690 2754 tum
720 2712 804 2756 voce
835 2699 912 2774 post
935 2693 1041 2757 verba
1065 2694 1124 2757 illa
1150 2695 1209 2758 ad·

140 2798 225 2861 dita:
259 2819 333 2861 cum
370 2798 523 2881 aequilute
558 2819 660 2861 cuusu
697 2799 892 2880 abundabit,
929 2806 998 2864 tum
1027 2801 1209 2864 necessario

140 2907 196 2969 etc.
244 2906 419 2969 Sententia
449 2907 524 2968 haec
558 2906 633 2968 erit:
669 2907 698 2968 si
732 2907 859 2989 scripto
894 2908 1011 2990 aliquo
1036 2915 1068 2970 te
1093 2909 1209 2972 defen·

140 3012 219 3074 dere
243 3013 380 3094 poteris,
404 3019 436 3075 et
459 3013 522 3075 tibi
547 3013 605 3075 illa
629 3034 682 3075 res
708 3013 859 3094 proderit
878 3020 911 3076 et
932 3014 1130 3078 adversario
1148 3015 1210 3078 erit

140 3119 361 3197 detriment03
389 3140 493 3182 causa
519 3121 612 3183 enim
637 3127 707 3200 tua,
732 3121 859 3203 quippe
882 3142 959 3203 quae
984 3128 1017 3184 et
1040 3123 1210 3186 sententia

140 3227 270 3288 nitatur
311 3231 344 3288 et
372 3223 449 3308 (hoc
487 3228 608 3290 saltem
644 3224 732 3311 loco)
762 3229 900 3310 scripto,
924 3229 1086 3310 aequitate
1110 3230 1210 3311 quasi

140 3333 347 3410 abundabit3
382 3332 570 3396 adversarii
600 3342 715 3398 autem
749 3355 862 3421 causae
892 3336 991 3417 quasi
1025 3355 1147 3398 sucum
1179 3342 1212 3399 et

141 3440 358 3520 sanguinem,
398 3440 564 3522 scriptum
604 3441 667 3503 tibi
706 3443 968 3524 quodammodo
1015 3442 1211 3524 vindicans,

139 3547 339 3628 perdideris.
388 3549 438 3611 Eo
470 3549 575 3611 modo
605 3549 686 3611 oriri
720 3551 887 3612 mendum
922 3549 1043 3631 potuit,
1073 3557 1112 3612 ut
1140 3556 1211 3612 tum

232 3779 241 3814 ¹
268 3788 373 3843 Lectio
398 3804 494 3859 quam
518 3789 555 3844 W
580 3789 748 3860 proposuit
772 3804 997 3860 quamcumque
1013 3803 1076 3843 rem
1091 3818 1125 3825 -
1136 3805 1211 3859 pro·

140 3875 245 3947 babili,
272 3878 434 3933 sententiae
459 3862 628 3933 convenire
653 3893 716 3932 non
740 3877 872 3934 videtur.
