2716 4254
673 189 868 290 722-

242 347 455 430 gregationes
479 368 598 411 earum
628 348 752 412 exerci-
801 348 895 410 niam
921 348 984 411 seit
1005 349 1107 411 breve
1124 367 1198 411 esse
1222 367 1315 431 opus

242 463 310 536 tus,
345 455 495 519 alvearia
528 461 651 534 castra,
679 455 755 519 lites
802 457 869 518 hoe
884 456 925 518 de
941 456 1066 538 apibus
1079 455 1215 519 etintra
1227 475 1315 538 pau-

243 563 400 646 ipsarum
429 562 560 645 proelia
586 562 755 626 vocando.
803 583 861 627 cos
885 583 1005 626 versus
1021 583 1123 646 posse
1140 563 1316 642 consumi,
1343 603 1345 607 »

188 663 193 669 ’
244 671 364 753 ltaque
381 670 607 733 ’Admiranda
629 669 692 732 tihi
709 671 754 733 le·
801 691 885 757 usus
899 676 949 733 est
964 647 1251 733 translationibus
1268 670 1326 755 ad⁸

243 777 340 841 vium
352 777 758 860 spectacularerum—-
805 777 1019 840 dilatandam
1046 777 1236 853 materiam,
1262 776 1317 838 di-

241 882 393 968 <mo>res
406 890 439 947 et
450 885 599 968 populos
612 890 645 946 et
657 905 754 968 proe-
801 905 881 948 cens
890 905 971 968 apes
980 885 1107 948 hahere
1116 901 1221 966 reges,
1229 903 1317 965 prae·

244 993 291 1056 lia
315 991 450 1056 dicam’
477 989 553 1075 (Ge.
576 992 632 1072 lv,
655 995 756 1070 3-5;
803 992 902 1074 toria,
926 993 1030 1055 urbes
1054 999 1087 1055 et
1109 992 1269 1075 populos

247 1099 379 1162 omisso
402 1118 504 1162 versu
528 1097 569 1183 4).

291 1203 491 1290 1V,33§44
508 1206 756 1289 superunsueri-
845 1209 907 1288 Vg.
932 1208 989 1270 Ae.
1010 1207 1035 1285 l,
1059 1209 1113 1275 96.
1147 1206 1196 1271 Cf.
1222 1206 1319 1269 Serv.
1352 1287 1354 1290 Α

246 1319 343 1378 tutem
358 1315 436 1376 Non
450 1313 532 1376 dicit
548 1351 591 1358 --
605 1351 642 1358 —
660 1314 756 1377 'veri-
803 1314 887 1377 adh.
897 1315 917 1378 l.
928 1337 933 1377 :
945 1312 1321 1396 ——Sanequaeritur,

246 1427 502 1504 tatempropter
515 1421 759 1500 mendacium,
806 1419 1321 1484 eurDiomedemfortissimum

247 1528 331 1611 qnia
354 1534 443 1591 esset
466 1533 587 1591 contra
603 1527 759 1591 officium
807 1529 940 1609 dixerit,
960 1547 1040 1591 curn
1057 1533 1135 1610 post
1147 1526 1320 1590 Achillem

247 1635 404 1715 oratoria,
438 1635 505 1697 nisi
542 1641 630 1698 esset
654 1655 759 1698 causa
806 1634 1321 1719 etAiacemipsesittertius‚nn·

153 1744 155 1747 ’
249 1742 419 1806 suadendi
435 1741 587 1825 aliquem
600 1761 680 1805 curn
694 1743 758 1806 uti·
806 1743 847 1806 de
859 1749 891 1806 et
902 1743 1084 1806 Sallustius
1098 1741 1322 1824 ait'primum

248 1850 342 1913 litate
355 1849 512 1924 civitatis,
527 1850 586 1912 sed
599 1836 683 1913 dicit
694 1850 760 1913 'su-
807 1851 1004 1914 Graecorum
1018 1849 1204 1913 Achillem!
1220 1885 1262 1893 --
1277 1886 1322 1894 -

247 1958 394 2041 perans',
419 1956 518 2040 qua'si
536 1975 664 2038 augens
682 1978 759 2021 earn
807 1959 906 2021 Multi
924 1958 968 2020 ad
981 1939 1239 2021 excusationem
1257 1957 1322 2020 Ae-

246 2066 300 2129 vel
329 2065 502 2144 minuens,
527 2064 688 2127 dicendo:
715 2066 756 2128 Ὀ
803 2085 876 2128 neae
918 2065 1041 2128 volunt
1088 2063 1322 2127 fortissimum

249 2173 410 2235 Danaum
435 2170 622 2234 fortissime
640 2172 760 2252 gentis,
807 2173 949 2253 dictum,
963 2192 983 2235 a
999 2192 1069 2255 quo
1087 2152 1167 2235 eum
1184 2177 1323 2235 constat

252 2278 407 2365 Tydide'.
456 2279 534 2341 Non
568 2279 662 2342 enirn
696 2285 768 2343 erat
813 2299 887 2343 esse
911 2299 1115 2362 percussum
1143 2316 1186 2324 -
1212 2315 1253 2322 ——
1277 2315 1323 2324 -—·

251 2385 372 2448 fortior
384 2385 530 2463 Achille3
546 2387 605 2449 sed
619 2387 703 2450 dicit
719 2387 763 2450 ad

190 2555 192 2561 ,
249 2493 389 2556 laudem
414 2494 548 2573 Aeneae‚
582 2513 662 2556 cum
693 2514 763 2577 quo

250 2600 424 2684 pugnavit.
439 2602 663 2684 Quamquam
683 2602 763 2664 sub-

250 2708 344 2771 tilius
369 2707 512 2790 intelligi
536 2707 646 2791 possit
665 2709 762 2772 inna-

97 2824 101 2832 ’
139 2893 141 2895 ¹
250 2822 325 2878 tum
337 2835 417 2879 eum
434 2816 534 2878 valde
546 2817 684 2893 fortem3
707 2816 765 2878 ad·
832 2809 838 2818 ’

252 2923 349 2986 auxit
364 2923 554 3004 veritatem,
573 2944 642 2986 non
665 2941 765 3006 nega-

250 3031 409 3096 viteam.
950 3079 953 3087 .

298 3136 762 3222 IV,47§60percollationem
854 3141 980 3202 Versus
1014 3143 1064 3200 est
1092 3138 1147 3199 Ae.
1175 3138 1299 3216 1,502.

252 3245 376 3327 Tangit
393 3246 548 3309 modum.
579 3245 634 3308 Fit
647 3252 762 3309 autem
809 3246 875 3310 Sed
912 3245 1005 3328 apud
1042 3244 1199 3308 Servium
1230 3246 1263 3306 h.
1290 3245 1341 3328 l,-

252 3353 378 3416 modus
398 3353 604 3432 collationis
622 3353 763 3436 quando
810 3359 848 3415 ut
872 3353 973 3416 nobis
997 3352 1143 3415 traditus
1169 3357 1229 3430 est,
1251 3370 1324 3413 non

253 3460 371 3524 omnia
402 3460 439 3523 in
468 3460 696 3524 similitudine
720 3461 764 3523 ad
811 3463 897 3524 haee
920 3461 1155 3539 inveniuntur,
1168 3459 1228 3522 sed
1246 3456 1324 3522 aliae

254 3586 404 3650 unguem
419 3573 674 3650 comparantur.
698 3569 766 3631 Un-
813 3575 949 3632 tantum
974 3567 1244 3651 explanationes.

253 3677 295 3739 de
321 3695 424 3758 super
448 3675 507 3738 illo
532 3695 634 3739 versu
651 3675 765 3756 Vergi-

253 3783 304 3846 lii:
336 3783 488 3846 'Latonae
519 3783 661 3846 tacitum
690 3803 765 3865 per-

251 3897 424 3978 temptant
462 3890 591 3979 gaudia
634 3890 763 3979 pectus’
