2716 4254
599 214 776 273 „97-

149 375 204 431 tus
240 375 323 431 nota
359 372 389 432 F
422 372 472 432 uel
500 374 521 432 8
546 377 630 435 auct.
657 373 750 434 cluss,
775 371 893 446 Latin,
918 373 1067 456 scriptus
1092 376 1220 438 saeculo

149 477 196 538 IX
221 477 273 539 vel
298 477 328 538 X
353 478 561 559 Karolingiis
591 479 712 541 litteris
738 479 943 543 minusculis
968 481 1052 543 satis
1076 481 1219 563 diligen-

146 589 206 647 ter.
254 585 397 648 Constat
420 585 513 672 foliis
537 589 589 648 87.
639 586 678 648 In
702 585 794 649 foliis
821 589 931 650 1-48
1020 589 1148 672 scripta
1168 597 1219 653 est

148 692 319 755 rhetorica
354 693 398 755 ad
433 693 512 756 Her.
549 693 629 755 inde
665 712 685 756 3
721 694 746 772 Ι,
780 695 811 772 6,
836 697 856 757 9
881 694 925 756 ad
951 695 1007 775 IV,
1031 699 1084 774 52,
1109 699 1217 760 65...

147 819 224 882 quae
261 806 454 882 sequuntur
488 799 546 863 fol.
582 802 714 863 49-64
751 801 823 864 sive
862 802 1107 884 quaterniones
1147 804 1218 867 duo

147 907 326 971 continent
361 907 537 972 Ciceronis
572 906 614 969 de
652 908 721 970 inv.
747 909 790 987 ΙΙ,
826 912 857 986 8,
894 913 934 972 27
969 930 1080 992 usque
1104 910 1149 973 ad
1175 912 1217 992 11,

146 1017 199 1093 52,
226 1017 287 1077 157
313 1015 394 1077 inde
411 1035 431 1077 a
448 1015 562 1078 verbis
583 1015 915 1078 »demonstrandum
939 1017 1003 1079 erit
1019 1017 1213 1081 defensori»

146 1121 191 1183 ad
215 1122 320 1185 verba
349 1122 462 1205 »quod
487 1141 550 1184 sua
574 1123 608 1184 vi
632 1141 697 1183 nos
720 1122 848 1186 alliciat
864 1122 908 1185 ad
927 1143 1032 1186 sese».
1074 1125 1163 1187 Tum
1181 1126 1217 1188 in

144 1229 237 1292 foliis
273 1232 325 1307 65,
360 1232 401 1292 66
436 1230 661 1292 inveniuntur
685 1230 864 1293 rhetoricae
888 1230 933 1293 ad
960 1231 1037 1294 Her.
1064 1252 1142 1314 quae
1166 1252 1216 1295 re·

146 1343 247 1399 stant.
297 1337 369 1399 Fol.
396 1339 436 1400 67
475 1356 501 1398 r.
536 1343 568 1399 et
601 1338 643 1398 68
669 1356 698 1398 v.
724 1356 834 1400 vacua
858 1344 953 1414 sunt,
978 1337 1036 1401 fol.
1061 1339 1102 1400 67
1128 1359 1159 1402 v.
1185 1347 1217 1403 et

144 1447 187 1508 68
212 1465 237 1507 r.
263 1445 442 1507 continent
466 1444 710 1506 definitionum
735 1444 1040 1508 collectionem...
1072 1447 1140 1524 Qui
1165 1467 1215 1509 se-

144 1559 300 1634 quuntur
324 1552 569 1634 quaterniones
594 1551 664 1613 duo
690 1552 762 1614 sive
785 1551 868 1614 folia
888 1554 1019 1615 69-84
1037 1554 1216 1616 continent

143 1659 213 1723 Cic.
250 1660 292 1723 de
330 1659 398 1722 inv.
435 1659 564 1721 librum
601 1659 751 1742 iusque
776 1659 820 1721 ad
843 1660 951 1722 verba
977 1660 1057 1742 »qui
1082 1660 1215 1742 elegan-

141 1767 269 1829 tissimi
308 1773 411 1849 atque
447 1765 724 1829 artificiosissimi
760 1767 871 1848 putati
900 1773 999 1828 sunt»
1029 1767 1054 1846 Ι,
1078 1771 1132 1847 35,
1157 1770 1213 1845 61;

143 1894 221 1956 quae
246 1879 376 1936 restant
400 1874 482 1936 folia
506 1873 583 1951 tria,
607 1893 759 1955 quorum
781 1873 943 1936 ultimum
972 1874 1135 1936 mutilum
1153 1882 1214 1955 est,

141 1980 392 2044 continuantur
424 1980 508 2042 folio
537 1982 591 2058 64,
615 1998 696 2042 cum
720 1980 897 2062 praebeant
921 1981 1051 2043 exitum
1076 1981 1155 2044 libri
1181 1983 1212 2044 ΙΙ

140 2088 184 2151 de
217 2089 287 2151 inv.
324 2087 419 2151 Libri
454 2087 497 2150 de
533 2088 602 2150 inv.
640 2088 761 2151 eadem
799 2108 868 2171 qua
893 2088 929 2150 in
953 2087 1096 2170 reliquis
1120 2089 1213 2153 illius

141 2197 260 2259 saeculi
296 2195 476 2259 codicibus
513 2195 662 2258 mutilati
699 2202 780 2258 sunt
814 2196 953 2259 lacuna:
991 2215 1073 2258 nam
1106 2196 1212 2259 verba

143 2304 224 2367 inde
249 2324 269 2367 a
295 2305 337 2383 ΙΙ,
363 2306 416 2381 57,
443 2307 505 2367 170
533 2303 766 2366 »Huiusmodi
791 2303 1081 2367 necessitudines»
1102 2324 1212 2386 usque

142 2412 187 2474 ad
213 2412 256 2492 ΙΙ,
277 2413 329 2490 58,
363 2413 425 2472 175
453 2411 508 2472 »in
532 2410 792 2473 commoditatis
815 2430 896 2473 vero
922 2407 1095 2472 ratione1»
1123 2410 1212 2473 desi-

142 2519 325 2582 derantur»
344 2568 394 2581 .,.

233 2627 360 2689 Littera
385 2622 409 2688 6
434 2625 590 2688 codicem
616 2625 860 2690 Corbeiensem
883 2624 1036 2686 Marxius
1053 2625 1211 2705 signavit.

143 2737 232 2801 Cum
266 2740 383 2797 autem
408 2733 444 2795 in
469 2732 653 2795 collatione
677 2732 836 2795 facienda
859 2731 1037 2794 Weidneri
1062 2732 1212 2795 editione

143 2844 286 2925 eiusque
322 2841 484 2904 codicum
521 2840 628 2921 signis
664 2845 751 2919 utar,
787 2859 858 2902 non
887 2859 1031 2921 possum
1057 2836 1092 2919 C,
1117 2839 1212 2922 quod
1242 2924 1245 2928 .

143 2950 237 3034 apud
261 2969 342 3012 eum
367 2948 472 3010 aliam
498 2947 675 3010 notionem
700 2946 816 3025 babet,
840 2946 996 3008 codicem
1021 2947 1210 3030 appellare3

138 3055 171 3120 R
206 3057 294 3119 mihi
322 3057 376 3118 sit.
400 3093 444 3098 —
468 3054 632 3118 Codicem
657 3054 812 3117 eiusdem
837 3053 906 3116 fere
932 3072 972 3115 ac
996 3054 1077 3117 VPS
1101 3053 1212 3117 aetatis

141 3166 332 3246 eademque
368 3163 493 3225 lacuna
518 3162 717 3224 mutilatum
743 3167 775 3223 et
798 3160 875 3222 aliis
900 3161 1004 3222 rebus
1028 3161 1078 3222 illi
1102 3166 1141 3223 ut
1164 3161 1211 3224 ita

142 3272 256 3336 dicam
290 3270 460 3334 librorum
485 3269 626 3332 familiae
651 3268 801 3331 similem
827 3287 912 3347 esse,
937 3266 1031 3350 quod
1056 3268 1125 3330 iam
1151 3288 1213 3351 per

139 3400 175 3442 se
212 3378 397 3443 verisimile
434 3383 515 3454 erat,
558 3376 741 3439 collatione
779 3374 934 3456 diligenti
974 3375 1209 3438 confirmatur.

96 3479 99 3484 ’
141 3489 185 3551 Ut
218 3505 322 3569 supra
352 3485 524 3548 monitum
550 3490 611 3562 est,
635 3503 706 3546 non
730 3489 841 3546 totum
867 3483 909 3545 de
933 3482 1003 3544 inv.
1029 3481 1157 3544 librum
1183 3483 1211 3544 R

232 3807 244 3843 1
269 3817 345 3872 Haec
378 3815 483 3870 minus
516 3818 663 3871 accurate
688 3813 777 3868 Marx
801 3812 887 3882 dixit,
912 3827 985 3866 nam
1011 3811 1103 3867 debet
1127 3826 1209 3866 esse:

140 3922 242 3979 usque
266 3907 306 3963 ad
333 3905 370 3974 ΙΙ,
393 3906 437 3975 58,
463 3905 514 3960 175
541 3903 651 3959 »modo
676 3903 755 3959 illud
779 3902 987 3959 attendatur.»

1184 4017 1208 4066 'l
