2716 4254
589 157 766 217 ..gg--

239 316 295 394 lV,
319 318 357 377 51
394 316 482 397 §65
518 313 796 397 quadruplatoris.
844 314 913 392 Qui
948 315 1166 378 commodat
1195 314 1227 377 in

148 422 383 506 quadruplum
408 422 462 485 vel
486 422 722 505 quadruplum
743 420 874 504 recipit.
915 422 993 485 Hoc
1005 422 1224 485 vocabulum

149 529 208 592 diu
235 529 366 592 Latinis
390 529 547 609 ignotum
571 528 647 608 fuit,
671 527 731 592 sed
756 529 800 591 ab
817 528 968 593 Asconio
986 529 1152 594 Pediano
1170 530 1222 592 dc·

148 637 309 700 claratur:
342 639 374 698 ls
398 635 459 718 qui
484 642 643 718 quartam
668 642 800 719 partem
826 636 930 700 babet
954 637 1222 722 accusationis,l

239 781 294 858 lV,
319 783 360 842 52
383 778 406 859 ξ
429 781 471 842 65
495 779 733 842 Sermocirrutr'o
748 793 811 826 Η*
835 778 962 842 dicitur
976 796 1103 861 graece,
1122 782 1221 864 quasi

147 906 261 949 sermo
296 885 441 950 decens²
464 905 621 969 personae
656 886 853 969 unicuique.
901 886 1125 950 Describitur
1159 889 1219 952 sic:

148 993 397 1058 Sermocinatio
422 999 472 1056 est
496 993 666 1057 sermonis
690 994 838 1057 alicuius
862 992 966 1056 alicui
990 993 1090 1058 iuxta
1118 1016 1219 1060 suam

143 1101 345 1183 dignitatem
373 1100 563 1178 attributio,
588 1101 608 1162 i.
634 1121 662 1164 e.
687 1120 767 1163 cum
792 1101 909 1185 aliqua
933 1121 1085 1184 persona
1112 1102 1219 1167 intro·

140 1208 278 1272 ducitur
301 1215 333 1271 et
358 1207 388 1271 ei
414 1227 528 1270 sermo
550 1208 643 1270 iuxta
662 1228 762 1271 suain
781 1207 983 1289 dignitatem
1000 1209 1218 1289 attribuitur,

140 1322 176 1378 ut
207 1336 248 1378 ex
282 1314 355 1378 eius
389 1313 490 1378 dictis
519 1314 629 1397 ipsius
655 1334 768 1378 mores
793 1321 825 1378 et
848 1314 1077 1398 proprietates
1104 1319 1217 1402 expri-

140 1429 289 1485 mantur.
339 1423 421 1485 Haec
453 1421 547 1485 enirn
582 1421 712 1504 ubique
747 1422 783 1484 in
820 1422 980 1485 Terentio
1011 1423 1051 1485 lit
1083 1444 1218 1490 sermo·

139 1528 279 1607 cinatio,
310 1529 452 1612 quando
483 1527 716 1592 introducitur
750 1549 898 1612 persona
935 1529 1084 1612 loquens
1121 1531 1217 1597 iuxta

139 1636 340 1718 qualitatem
366 1642 398 1698 et
420 1634 623 1716 dignitatem
641 1656 753 1700 suam.
794 1637 837 1698 Et
853 1642 995 1699 ornatus
1013 1636 1079 1700 iste
1097 1658 1217 1703 rerum

139 1748 200 1821 cst,
224 1742 306 1826 qnia
334 1742 558 1824 pulchritudo
583 1742 749 1806 orationis
774 1762 815 1806 ex
839 1762 987 1826 persona
1011 1743 1216 1811 introducta

138 1849 232 1912 venit
260 1850 313 1913 vel
338 1870 378 1913 ex
402 1848 561 1932 personis
586 1849 802 1914 introductis.
851 1850 893 1912 Et
917 1850 1056 1933 proprie
1082 1867 1217 1918 sermo-

138 1957 266 2020 cinatio
290 1963 341 2021 est
365 1957 401 2018 in
425 1956 586 2038 pluribus
610 1957 780 2040 personis,
805 1976 885 2019 cum
910 1957 1026 2040 plures
1052 1979 1215 2042 personae

138 2064 407 2127 introducuntur
430 2063 645 2146 alloquentes
670 2082 720 2140 se:
743 2063 800 2127 hic
817 2071 868 2127 est
884 2064 1042 2146 dialogus
1060 2070 1215 2151 proprie.

139 2170 371 2232 ——Ditiert
395 2189 415 2232 a
440 2170 617 2234 notatione
648 2170 841 2234 secundum
873 2171 1045 2256 quosdam
1073 2173 1110 2236 in
1138 2177 1216 2253 hoc,

139 2277 233 2360 quod
268 2276 316 2339 ibi
351 2278 389 2339 tit
421 2276 573 2340 ostensio
603 2278 645 2340 de
670 2298 705 2341 re
730 2278 923 2341 secundum
949 2284 1113 2343 naturam
1141 2283 1215 2346 eius

138 2384 383 2447 tantummodo
408 2404 471 2448 nec
495 2384 598 2466 exigit
621 2405 819 2468 personam,
843 2385 900 2448 hic
917 2405 997 2449 vero
1015 2389 1214 2453 secundum

139 2491 340 2571 dignitatern
366 2491 439 2554 sine
463 2492 581 2576 aliquo
603 2499 759 2576 respectu
778 2500 920 2572 naturae,
937 2493 997 2555 sed
1015 2494 1121 2576 exigit
1139 2517 1214 2579 per-

138 2617 272 2661 sonam.
302 2599 388 2662 Item
403 2599 437 2662 in
453 2599 630 2663 notatione
643 2619 704 2682 per
716 2606 807 2663 certa
821 2599 913 2663 dicta
926 2600 980 2662 vel
990 2600 1082 2664 facta
1096 2621 1215 2668 mores

139 2704 286 2767 alicuius
318 2705 482 2768 dicuntur
505 2713 537 2769 et
561 2707 802 2786 ostenduntur,
828 2707 884 2770 bic
908 2726 989 2771 vero
1014 2693 1214 2774 secundum

139 2812 339 2893 qualitatem
377 2813 553 2893 dignitatis
590 2813 694 2875 alicui
730 2833 843 2876 sermo
879 2813 1089 2879 attribuitur.
1147 2819 1214 2881 Sed

138 2918 225 2981 adeo
250 2919 372 2982 aflines
397 2926 477 2982 sunt
502 2921 633 2982 notatio
658 2927 689 2983 et
714 2921 1083 2985 se1·mocinatio.-—--
1108 2924 1215 2989 Color

137 3025 200 3088 iste
236 3027 272 3088 in
307 3027 404 3089 omni
436 3029 544 3108 ligura
574 3033 686 3110 potest
710 3029 822 3091 valere
847 3035 879 3091 et
903 3029 939 3090 in
963 3029 1060 3091 omni
1087 3047 1215 3111 genere

138 3151 262 3212 causae,
287 3153 507 3217 summopere
532 3135 693 3197 convenit
718 3136 918 3198 narrationi.

229 3277 284 3355 lV,
309 3280 350 3338 52
374 3274 396 3359 ξ
420 3279 462 3339 65
494 3276 572 3338 etis
597 3277 773 3360 exponitur
804 3278 824 3341 i.
850 3299 877 3341 e.
903 3279 1104 3362 exsequitur
1128 3300 1213 3345 cum

138 3382 280 3460 ratione,
316 3402 396 3445 cum
433 3383 538 3446 modo
574 3384 627 3445 vel
661 3384 755 3447 iuxta
786 3386 988 3467 qualitatem
1019 3385 1216 3468 dignitatis,

139 3488 158 3550 i.
185 3509 211 3551 e.
237 3490 524 3570 pronuntiatura
548 3510 696 3572 persona
722 3492 917 3555 introducta
940 3491 1135 3556 secundum
1155 3496 1215 3559 de-

231 3776 239 3813 l
264 3781 307 3836 Cl.
334 3783 582 3838 Pseudo-Ascon.
609 3784 648 3839 ad
674 3785 734 3839 Cic.
760 3784 820 3838 div.
846 3785 861 3838 7
885 3785 965 3852 §2t;
990 3785 1021 3839 in
1039 3785 1127 3840 Verr.
1155 3794 1218 3846 act.

138 3871 177 3940 ll,
205 3871 366 3938 11‚7§21.
409 3861 557 3927 ²d0cens
575 3874 595 3927 h
614 3873 645 3927 V.
