<?xml version="1.0" encoding="UTF-8"?>
<!DOCTYPE html PUBLIC "-//W3C//DTD XHTML 1.0 Transitional//EN"
    "http://www.w3.org/TR/xhtml1/DTD/xhtml1-transitional.dtd">
<html xmlns="http://www.w3.org/1999/xhtml" xml:lang="en" lang="en">
 <head>
  <title>
</title>
<meta http-equiv="Content-Type" content="text/html;charset=utf-8" />
  <meta name='ocr-system' content='tesseract 3.04.00' />
  <meta name='ocr-capabilities' content='ocr_page ocr_carea ocr_par ocr_line ocrx_word'/>
</head>
<body>
  <div class='ocr_page' id='page_1' title='image "./descholiisrheto00poulgoog_0087.png"; bbox 0 0 2716 4254; ppageno 0'>
   <div class='ocr_carea' id='block_1_1' title="bbox 590 159 765 216">
    <p class='ocr_par' dir='ltr' id='par_1_1' title="bbox 590 159 765 216">
     <span class='ocr_line' id='line_1_1' title="bbox 590 159 765 216; baseline 0.011 -16"><span class='ocrx_word' id='word_1_1' title='bbox 590 159 765 216; x_wconf 73' lang='lat' dir='ltr'><strong>--gq-</strong></span> 
     </span>
    </p>
   </div>
   <div class='ocr_carea' id='block_1_2' title="bbox 141 313 1221 1145">
    <p class='ocr_par' dir='ltr' id='par_1_2' title="bbox 141 313 1221 1145">
     <span class='ocr_line' id='line_1_2' title="bbox 142 313 1221 399; baseline 0.003 -25"><span class='ocrx_word' id='word_1_2' title='bbox 142 318 273 375; x_wconf 90' lang='lat' dir='ltr'><strong>nuntur</strong></span> <span class='ocrx_word' id='word_1_3' title='bbox 305 333 369 391; x_wconf 88' lang='lat' dir='ltr'><strong>res,</strong></span> <span class='ocrx_word' id='word_1_4' title='bbox 393 325 472 396; x_wconf 74' lang='lat' dir='ltr'><strong>qua</strong></span> <span class='ocrx_word' id='word_1_5' title='bbox 505 313 695 396; x_wconf 84' lang='lat' dir='ltr'><strong>probandae</strong></span> <span class='ocrx_word' id='word_1_6' title='bbox 719 322 817 379; x_wconf 87' lang='lat' dir='ltr'><strong>sunl:</strong></span> <span class='ocrx_word' id='word_1_7' title='bbox 842 335 906 378; x_wconf 86' lang='lat' dir='ltr'><strong>nee</strong></span> <span class='ocrx_word' id='word_1_8' title='bbox 930 323 987 379; x_wconf 88' lang='lat' dir='ltr'><strong>est</strong></span> <span class='ocrx_word' id='word_1_9' title='bbox 1011 316 1221 399; x_wconf 79' lang='lat' dir='ltr'><strong>complexio.</strong></span> 
     </span>
     <span class='ocr_line' id='line_1_3' title="bbox 141 419 1218 506; baseline 0.003 -25"><span class='ocrx_word' id='word_1_10' title='bbox 141 419 219 482; x_wconf 80' lang='lat' dir='ltr'><strong>lieet</strong></span> <span class='ocrx_word' id='word_1_11' title='bbox 249 439 323 483; x_wconf 83' lang='lat' dir='ltr'><strong>esse</strong></span> <span class='ocrx_word' id='word_1_12' title='bbox 348 420 521 485; x_wconf 78' lang='lat' dir='ltr'><strong>videatur:</strong></span> <span class='ocrx_word' id='word_1_13' title='bbox 547 421 607 484; x_wconf 91' lang='lat' dir='ltr'><strong>sed</strong></span> <span class='ocrx_word' id='word_1_14' title='bbox 632 440 703 485; x_wconf 92' lang='lat' dir='ltr'><strong>non</strong></span> <span class='ocrx_word' id='word_1_15' title='bbox 727 428 788 501; x_wconf 85' lang='lat' dir='ltr'><strong>est,</strong></span> <span class='ocrx_word' id='word_1_16' title='bbox 812 423 895 505; x_wconf 88' lang='lat' dir='ltr'><strong>quia</strong></span> <span class='ocrx_word' id='word_1_17' title='bbox 919 423 1132 506; x_wconf 74' lang='lat' dir='ltr'><strong>complexio</strong></span> <span class='ocrx_word' id='word_1_18' title='bbox 1155 442 1218 486; x_wconf 92' lang='lat' dir='ltr'><strong>non</strong></span> 
     </span>
     <span class='ocr_line' id='line_1_4' title="bbox 141 525 1218 613; baseline 0.004 -25"><span class='ocrx_word' id='word_1_19' title='bbox 141 525 277 605; x_wconf 89' lang='lat' dir='ltr'><strong>dicitur,</strong></span> <span class='ocrx_word' id='word_1_20' title='bbox 302 527 368 589; x_wconf 89' lang='lat' dir='ltr'><strong>nisi</strong></span> <span class='ocrx_word' id='word_1_21' title='bbox 394 527 451 590; x_wconf 87' lang='lat' dir='ltr'><strong>illa</strong></span> <span class='ocrx_word' id='word_1_22' title='bbox 475 528 589 610; x_wconf 90' lang='lat' dir='ltr'><strong>prima</strong></span> <span class='ocrx_word' id='word_1_23' title='bbox 613 528 740 592; x_wconf 79' lang='lat' dir='ltr'><strong>divisio</strong></span> <span class='ocrx_word' id='word_1_24' title='bbox 763 529 870 597; x_wconf 80' lang='lat' dir='ltr'><strong>color,</strong></span> <span class='ocrx_word' id='word_1_25' title='bbox 894 535 968 593; x_wconf 90' lang='lat' dir='ltr'><strong>tam</strong></span> <span class='ocrx_word' id='word_1_26' title='bbox 986 530 1070 613; x_wconf 89' lang='lat' dir='ltr'><strong>ipsa</strong></span> <span class='ocrx_word' id='word_1_27' title='bbox 1087 530 1218 594; x_wconf 89' lang='lat' dir='ltr'><strong>seiunc-</strong></span> 
     </span>
     <span class='ocr_line' id='line_1_5' title="bbox 141 633 1217 720; baseline 0.004 -25"><span class='ocrx_word' id='word_1_28' title='bbox 141 633 189 696; x_wconf 85' lang='lat' dir='ltr'><strong>tio</strong></span> <span class='ocrx_word' id='word_1_29' title='bbox 217 652 331 696; x_wconf 88' lang='lat' dir='ltr'><strong>rerum</strong></span> <span class='ocrx_word' id='word_1_30' title='bbox 356 653 462 717; x_wconf 91' lang='lat' dir='ltr'><strong>quam</strong></span> <span class='ocrx_word' id='word_1_31' title='bbox 487 634 657 698; x_wconf 82' lang='lat' dir='ltr'><strong>subiectio</strong></span> <span class='ocrx_word' id='word_1_32' title='bbox 680 636 866 699; x_wconf 82' lang='lat' dir='ltr'><strong>rationum.</strong></span> <span class='ocrx_word' id='word_1_33' title='bbox 912 636 966 700; x_wconf 84' lang='lat' dir='ltr'><strong>Ad</strong></span> <span class='ocrx_word' id='word_1_34' title='bbox 991 637 1217 720; x_wconf 76' lang='lat' dir='ltr'><strong>partitionem</strong></span> 
     </span>
     <span class='ocr_line' id='line_1_6' title="bbox 142 739 1218 822; baseline 0.004 -20"><span class='ocrx_word' id='word_1_35' title='bbox 142 741 214 822; x_wconf 90' lang='lat' dir='ltr'><strong>ipse</strong></span> <span class='ocrx_word' id='word_1_36' title='bbox 248 739 344 803; x_wconf 88' lang='lat' dir='ltr'><strong>dabit</strong></span> <span class='ocrx_word' id='word_1_37' title='bbox 377 740 617 806; x_wconf 86' lang='lat' dir='ltr'><strong>differenliam.</strong></span> <span class='ocrx_word' id='word_1_38' title='bbox 666 744 733 806; x_wconf 87' lang='lat' dir='ltr'><strong>lste</strong></span> <span class='ocrx_word' id='word_1_39' title='bbox 756 750 873 807; x_wconf 86' lang='lat' dir='ltr'><strong>autem</strong></span> <span class='ocrx_word' id='word_1_40' title='bbox 896 744 996 807; x_wconf 91' lang='lat' dir='ltr'><strong>color</strong></span> <span class='ocrx_word' id='word_1_41' title='bbox 1017 764 1106 808; x_wconf 86' lang='lat' dir='ltr'><strong>raro</strong></span> <span class='ocrx_word' id='word_1_42' title='bbox 1130 743 1218 808; x_wconf 90' lang='lat' dir='ltr'><strong>cadit</strong></span> 
     </span>
     <span class='ocr_line' id='line_1_7' title="bbox 141 846 1216 932; baseline 0.005 -23"><span class='ocrx_word' id='word_1_43' title='bbox 141 847 207 910; x_wconf 92' lang='lat' dir='ltr'><strong>sub</strong></span> <span class='ocrx_word' id='word_1_44' title='bbox 244 846 362 927; x_wconf 82' lang='lat' dir='ltr'><strong>figuris</strong></span> <span class='ocrx_word' id='word_1_45' title='bbox 398 850 451 911; x_wconf 82' lang='lat' dir='ltr'><strong>vel</strong></span> <span class='ocrx_word' id='word_1_46' title='bbox 487 848 554 912; x_wconf 88' lang='lat' dir='ltr'><strong>sub</strong></span> <span class='ocrx_word' id='word_1_47' title='bbox 589 850 709 932; x_wconf 91' lang='lat' dir='ltr'><strong>aliquo</strong></span> <span class='ocrx_word' id='word_1_48' title='bbox 741 866 864 931; x_wconf 82' lang='lat' dir='ltr'><strong>genere</strong></span> <span class='ocrx_word' id='word_1_49' title='bbox 886 869 1015 915; x_wconf 88' lang='lat' dir='ltr'><strong>causae.</strong></span> <span class='ocrx_word' id='word_1_50' title='bbox 1069 852 1216 915; x_wconf 84' lang='lat' dir='ltr'><strong>Maxime</strong></span> 
     </span>
     <span class='ocr_line' id='line_1_8' title="bbox 141 954 1215 1038; baseline 0.004 -22"><span class='ocrx_word' id='word_1_51' title='bbox 141 959 307 1017; x_wconf 84' lang='lat' dir='ltr'><strong>tractatur</strong></span> <span class='ocrx_word' id='word_1_52' title='bbox 341 954 376 1017; x_wconf 90' lang='lat' dir='ltr'><strong>in</strong></span> <span class='ocrx_word' id='word_1_53' title='bbox 413 956 568 1038; x_wconf 88' lang='lat' dir='ltr'><strong>parlibus</strong></span> <span class='ocrx_word' id='word_1_54' title='bbox 604 957 784 1020; x_wconf 74' lang='lat' dir='ltr'><strong>rhetoricae</strong></span> <span class='ocrx_word' id='word_1_55' title='bbox 812 957 981 1021; x_wconf 84' lang='lat' dir='ltr'><strong>orationis</strong></span> <span class='ocrx_word' id='word_1_56' title='bbox 1006 964 1041 1022; x_wconf 92' lang='lat' dir='ltr'><strong>et</strong></span> <span class='ocrx_word' id='word_1_57' title='bbox 1067 960 1162 1022; x_wconf 83' lang='lat' dir='ltr'><strong>valet</strong></span> <span class='ocrx_word' id='word_1_58' title='bbox 1183 959 1215 1021; x_wconf 93' lang='lat' dir='ltr'><strong>in</strong></span> 
     </span>
     <span class='ocr_line' id='line_1_9' title="bbox 144 1062 765 1145; baseline 0.006 -22"><span class='ocrx_word' id='word_1_59' title='bbox 144 1062 410 1126; x_wconf 87' lang='lat' dir='ltr'><strong>confirmatione</strong></span> <span class='ocrx_word' id='word_1_60' title='bbox 434 1069 466 1125; x_wconf 90' lang='lat' dir='ltr'><strong>et</strong></span> <span class='ocrx_word' id='word_1_61' title='bbox 488 1063 765 1145; x_wconf 86' lang='lat' dir='ltr'><strong>reprehensione.</strong></span> 
     </span>
    </p>
   </div>
   <div class='ocr_carea' id='block_1_3' title="bbox 111 1204 1228 3749">
    <p class='ocr_par' dir='ltr' id='par_1_3' title="bbox 111 1204 1228 3749">
     <span class='ocr_line' id='line_1_10' title="bbox 232 1204 1215 1293; baseline 0.002 -25"><span class='ocrx_word' id='word_1_62' title='bbox 232 1206 287 1285; x_wconf 91' lang='lat' dir='ltr'><strong>IV,</strong></span> <span class='ocrx_word' id='word_1_63' title='bbox 311 1208 354 1270; x_wconf 79' lang='lat'><strong>40</strong></span> <span class='ocrx_word' id='word_1_64' title='bbox 378 1204 400 1290; x_wconf 64' lang='grc' dir='ltr'>ξ</span> <span class='ocrx_word' id='word_1_65' title='bbox 422 1209 464 1269; x_wconf 85' lang='lat'><strong>52</strong></span> <span class='ocrx_word' id='word_1_66' title='bbox 482 1207 712 1291; x_wconf 85' lang='lat' dir='ltr'><strong>Frequenlolio</strong></span> <span class='ocrx_word' id='word_1_67' title='bbox 738 1205 976 1292; x_wconf 70' lang='grc' dir='ltr'><strong>Συνάθροισιςα</strong></span> <span class='ocrx_word' id='word_1_68' title='bbox 992 1204 1215 1293; x_wconf 71' lang='grc' dir='ltr'><strong>αυναθροῖζω,1</strong></span> 
     </span>
     <span class='ocr_line' id='line_1_11' title="bbox 144 1313 1215 1398; baseline 0 -22"><span class='ocrx_word' id='word_1_69' title='bbox 144 1314 164 1376; x_wconf 92' lang='lat' dir='ltr'><strong>i.</strong></span> <span class='ocrx_word' id='word_1_70' title='bbox 189 1333 217 1376; x_wconf 88' lang='lat' dir='ltr'><strong>e.</strong></span> <span class='ocrx_word' id='word_1_71' title='bbox 242 1330 421 1395; x_wconf 79' lang='lat' dir='ltr'><strong>congrego,</strong></span> <span class='ocrx_word' id='word_1_72' title='bbox 446 1314 527 1396; x_wconf 89' lang='lat' dir='ltr'><strong>quia</strong></span> <span class='ocrx_word' id='word_1_73' title='bbox 552 1334 614 1398; x_wconf 89' lang='lat' dir='ltr'><strong>per</strong></span> <span class='ocrx_word' id='word_1_74' title='bbox 637 1317 731 1379; x_wconf 91' lang='lat' dir='ltr'><strong>hunc</strong></span> <span class='ocrx_word' id='word_1_75' title='bbox 754 1315 907 1379; x_wconf 91' lang='lat' dir='ltr'><strong>colorem</strong></span> <span class='ocrx_word' id='word_1_76' title='bbox 922 1313 1125 1395; x_wconf 86' lang='lat' dir='ltr'><strong>colligimus</strong></span> <span class='ocrx_word' id='word_1_77' title='bbox 1147 1333 1215 1378; x_wconf 93' lang='lat' dir='ltr'><strong>om·</strong></span> 
     </span>
     <span class='ocr_line' id='line_1_12' title="bbox 143 1420 1215 1505; baseline 0.001 -23"><span class='ocrx_word' id='word_1_78' title='bbox 143 1420 201 1483; x_wconf 90' lang='lat' dir='ltr'><strong>nia</strong></span> <span class='ocrx_word' id='word_1_79' title='bbox 225 1421 260 1483; x_wconf 92' lang='lat' dir='ltr'><strong>in</strong></span> <span class='ocrx_word' id='word_1_80' title='bbox 286 1440 395 1484; x_wconf 91' lang='lat' dir='ltr'><strong>unum</strong></span> <span class='ocrx_word' id='word_1_81' title='bbox 420 1429 610 1505; x_wconf 87' lang='lat' dir='ltr'><strong>aspectum,</strong></span> <span class='ocrx_word' id='word_1_82' title='bbox 634 1442 712 1504; x_wconf 87' lang='lat' dir='ltr'><strong>quae</strong></span> <span class='ocrx_word' id='word_1_83' title='bbox 736 1422 861 1485; x_wconf 84' lang='lat' dir='ltr'><strong>diffuse</strong></span> <span class='ocrx_word' id='word_1_84' title='bbox 881 1440 943 1503; x_wconf 91' lang='lat' dir='ltr'><strong>per</strong></span> <span class='ocrx_word' id='word_1_85' title='bbox 957 1421 1153 1504; x_wconf 87' lang='lat' dir='ltr'><strong>particulas</strong></span> <span class='ocrx_word' id='word_1_86' title='bbox 1170 1421 1215 1484; x_wconf 90' lang='lat' dir='ltr'><strong>di-</strong></span> 
     </span>
     <span class='ocr_line' id='line_1_13' title="bbox 144 1527 1215 1611; baseline 0.003 -22"><span class='ocrx_word' id='word_1_87' title='bbox 144 1532 280 1610; x_wconf 82' lang='lat' dir='ltr'><strong>sputata</strong></span> <span class='ocrx_word' id='word_1_88' title='bbox 298 1534 389 1608; x_wconf 87' lang='lat' dir='ltr'><strong>sunl,</strong></span> <span class='ocrx_word' id='word_1_89' title='bbox 407 1534 453 1603; x_wconf 82' lang='lat' dir='ltr'><strong>ul,</strong></span> <span class='ocrx_word' id='word_1_90' title='bbox 472 1548 551 1591; x_wconf 90' lang='lat' dir='ltr'><strong>cum</strong></span> <span class='ocrx_word' id='word_1_91' title='bbox 570 1529 688 1593; x_wconf 90' lang='lat' dir='ltr'><strong>omnia</strong></span> <span class='ocrx_word' id='word_1_92' title='bbox 706 1529 810 1592; x_wconf 90' lang='lat' dir='ltr'><strong>simul</strong></span> <span class='ocrx_word' id='word_1_93' title='bbox 828 1527 979 1608; x_wconf 83' lang='lat' dir='ltr'><strong>videant,</strong></span> <span class='ocrx_word' id='word_1_94' title='bbox 992 1528 1108 1611; x_wconf 88' lang='lat' dir='ltr'><strong>magis</strong></span> <span class='ocrx_word' id='word_1_95' title='bbox 1125 1547 1215 1592; x_wconf 92' lang='lat' dir='ltr'><strong>com·</strong></span> 
     </span>
     <span class='ocr_line' id='line_1_14' title="bbox 145 1635 1217 1719; baseline 0.001 -22"><span class='ocrx_word' id='word_1_96' title='bbox 145 1638 358 1698; x_wconf 84' lang='lat' dir='ltr'><strong>moveantur.</strong></span> <span class='ocrx_word' id='word_1_97' title='bbox 406 1635 523 1698; x_wconf 92' lang='lat' dir='ltr'><strong>Primo</strong></span> <span class='ocrx_word' id='word_1_98' title='bbox 553 1635 717 1700; x_wconf 84' lang='lat' dir='ltr'><strong>describit</strong></span> <span class='ocrx_word' id='word_1_99' title='bbox 748 1635 1075 1719; x_wconf 84' lang='lat' dir='ltr'><strong>frequentationem,</strong></span> <span class='ocrx_word' id='word_1_100' title='bbox 1100 1640 1217 1719; x_wconf 87' lang='lat' dir='ltr'><strong>postea</strong></span> 
     </span>
     <span class='ocr_line' id='line_1_15' title="bbox 145 1740 1216 1826; baseline 0.003 -23"><span class='ocrx_word' id='word_1_101' title='bbox 145 1740 269 1804; x_wconf 82' lang='lat' dir='ltr'><strong>dividit</strong></span> <span class='ocrx_word' id='word_1_102' title='bbox 292 1741 455 1823; x_wconf 92' lang='lat' dir='ltr'><strong>ponendo</strong></span> <span class='ocrx_word' id='word_1_103' title='bbox 480 1743 647 1825; x_wconf 86' lang='lat' dir='ltr'><strong>exempla.</strong></span> <span class='ocrx_word' id='word_1_104' title='bbox 696 1741 940 1826; x_wconf 87' lang='lat' dir='ltr'><strong>Frequentatio</strong></span> <span class='ocrx_word' id='word_1_105' title='bbox 964 1747 1016 1806; x_wconf 89' lang='lat' dir='ltr'><strong>est</strong></span> <span class='ocrx_word' id='word_1_106' title='bbox 1031 1759 1216 1824; x_wconf 86' lang='lat' dir='ltr'><strong>argumen-</strong></span> 
     </span>
     <span class='ocr_line' id='line_1_16' title="bbox 145 1847 1217 1933; baseline 0.001 -23"><span class='ocrx_word' id='word_1_107' title='bbox 145 1854 259 1912; x_wconf 91' lang='lat' dir='ltr'><strong>lorum</strong></span> <span class='ocrx_word' id='word_1_108' title='bbox 277 1848 466 1912; x_wconf 86' lang='lat' dir='ltr'><strong>multorum</strong></span> <span class='ocrx_word' id='word_1_109' title='bbox 483 1849 520 1912; x_wconf 93' lang='lat' dir='ltr'><strong>in</strong></span> <span class='ocrx_word' id='word_1_110' title='bbox 537 1869 642 1913; x_wconf 89' lang='lat' dir='ltr'><strong>causa</strong></span> <span class='ocrx_word' id='word_1_111' title='bbox 659 1850 895 1933; x_wconf 90' lang='lat' dir='ltr'><strong>dispersorum</strong></span> <span class='ocrx_word' id='word_1_112' title='bbox 906 1868 1012 1913; x_wconf 89' lang='lat' dir='ltr'><strong>causa</strong></span> <span class='ocrx_word' id='word_1_113' title='bbox 1024 1847 1217 1931; x_wconf 86' lang='lat' dir='ltr'><strong>a&lt;u&gt;gendi</strong></span> 
     </span>
     <span class='ocr_line' id='line_1_17' title="bbox 145 1955 1218 2040; baseline 0.001 -23"><span class='ocrx_word' id='word_1_114' title='bbox 145 1955 181 2017; x_wconf 93' lang='lat' dir='ltr'><strong>in</strong></span> <span class='ocrx_word' id='word_1_115' title='bbox 207 1975 317 2018; x_wconf 93' lang='lat' dir='ltr'><strong>unum</strong></span> <span class='ocrx_word' id='word_1_116' title='bbox 341 1956 457 2018; x_wconf 90' lang='lat' dir='ltr'><strong>locum</strong></span> <span class='ocrx_word' id='word_1_117' title='bbox 482 1955 643 2040; x_wconf 77' lang='lat' dir='ltr'><strong>frequens</strong></span> <span class='ocrx_word' id='word_1_118' title='bbox 660 1956 882 2033; x_wconf 71' lang='lat' dir='ltr'><strong>coadunatim</strong></span> <span class='ocrx_word' id='word_1_119' title='bbox 901 1956 920 2019; x_wconf 93' lang='lat' dir='ltr'><strong>i.</strong></span> <span class='ocrx_word' id='word_1_120' title='bbox 937 1976 966 2022; x_wconf 89' lang='lat' dir='ltr'><strong>e.</strong></span> <span class='ocrx_word' id='word_1_121' title='bbox 982 1955 1218 2038; x_wconf 90' lang='lat' dir='ltr'><strong>plurimorum</strong></span> 
     </span>
     <span class='ocr_line' id='line_1_18' title="bbox 147 2063 1218 2147; baseline -0.002 -20"><span class='ocrx_word' id='word_1_122' title='bbox 147 2068 429 2145; x_wconf 88' lang='lat' dir='ltr'><strong>argumentorum</strong></span> <span class='ocrx_word' id='word_1_123' title='bbox 463 2063 683 2141; x_wconf 86' lang='lat' dir='ltr'><strong>coadunatio,</strong></span> <span class='ocrx_word' id='word_1_124' title='bbox 717 2084 795 2147; x_wconf 86' lang='lat' dir='ltr'><strong>quae</strong></span> <span class='ocrx_word' id='word_1_125' title='bbox 822 2083 884 2147; x_wconf 90' lang='lat' dir='ltr'><strong>per</strong></span> <span class='ocrx_word' id='word_1_126' title='bbox 912 2083 948 2126; x_wconf 90' lang='lat' dir='ltr'><strong>se</strong></span> <span class='ocrx_word' id='word_1_127' title='bbox 971 2069 1004 2126; x_wconf 85' lang='lat' dir='ltr'><strong>et</strong></span> <span class='ocrx_word' id='word_1_128' title='bbox 1027 2063 1218 2145; x_wconf 89' lang='lat' dir='ltr'><strong>separatim</strong></span> 
     </span>
     <span class='ocr_line' id='line_1_19' title="bbox 147 2169 1218 2255; baseline -0.001 -21"><span class='ocrx_word' id='word_1_129' title='bbox 147 2169 363 2234; x_wconf 86' lang='lat' dir='ltr'><strong>considerata</strong></span> <span class='ocrx_word' id='word_1_130' title='bbox 394 2170 438 2232; x_wconf 88' lang='lat' dir='ltr'><strong>ad</strong></span> <span class='ocrx_word' id='word_1_131' title='bbox 461 2171 684 2253; x_wconf 91' lang='lat' dir='ltr'><strong>probandum</strong></span> <span class='ocrx_word' id='word_1_132' title='bbox 708 2171 927 2255; x_wconf 91' lang='lat' dir='ltr'><strong>propositum</strong></span> <span class='ocrx_word' id='word_1_133' title='bbox 951 2169 1100 2234; x_wconf 91' lang='lat' dir='ltr'><strong>minime</strong></span> <span class='ocrx_word' id='word_1_134' title='bbox 1123 2169 1218 2234; x_wconf 86' lang='lat' dir='ltr'><strong>suffi-</strong></span> 
     </span>
     <span class='ocr_line' id='line_1_20' title="bbox 147 2276 1219 2361; baseline 0 -22"><span class='ocrx_word' id='word_1_135' title='bbox 147 2276 252 2356; x_wconf 87' lang='lat' dir='ltr'><strong>ciunt,</strong></span> <span class='ocrx_word' id='word_1_136' title='bbox 277 2276 382 2340; x_wconf 91' lang='lat' dir='ltr'><strong>simul</strong></span> <span class='ocrx_word' id='word_1_137' title='bbox 399 2283 513 2340; x_wconf 87' lang='lat' dir='ltr'><strong>autem</strong></span> <span class='ocrx_word' id='word_1_138' title='bbox 532 2278 649 2341; x_wconf 90' lang='lat' dir='ltr'><strong>iuncta</strong></span> <span class='ocrx_word' id='word_1_139' title='bbox 673 2278 775 2341; x_wconf 81' lang='lat' dir='ltr'><strong>firma</strong></span> <span class='ocrx_word' id='word_1_140' title='bbox 791 2284 873 2341; x_wconf 89' lang='lat' dir='ltr'><strong>sunt</strong></span> <span class='ocrx_word' id='word_1_141' title='bbox 888 2283 991 2361; x_wconf 88' lang='lat' dir='ltr'><strong>atque</strong></span> <span class='ocrx_word' id='word_1_142' title='bbox 1008 2276 1219 2354; x_wconf 88' lang='lat' dir='ltr'><strong>necessaria,</strong></span> 
     </span>
     <span class='ocr_line' id='line_1_21' title="bbox 148 2383 1220 2467; baseline -0.002 -21"><span class='ocrx_word' id='word_1_143' title='bbox 148 2390 185 2447; x_wconf 85' lang='lat' dir='ltr'><strong>ut</strong></span> <span class='ocrx_word' id='word_1_144' title='bbox 218 2384 253 2447; x_wconf 92' lang='lat' dir='ltr'><strong>in</strong></span> <span class='ocrx_word' id='word_1_145' title='bbox 286 2385 353 2448; x_wconf 89' lang='lat' dir='ltr'><strong>hoc</strong></span> <span class='ocrx_word' id='word_1_146' title='bbox 383 2385 542 2467; x_wconf 82' lang='lat' dir='ltr'><strong>exemplo</strong></span> <span class='ocrx_word' id='word_1_147' title='bbox 572 2391 724 2467; x_wconf 90' lang='lat' dir='ltr'><strong>apparet.</strong></span> <span class='ocrx_word' id='word_1_148' title='bbox 751 2421 792 2431; x_wconf 84' lang='lat'><strong>-</strong></span> <span class='ocrx_word' id='word_1_149' title='bbox 817 2421 860 2429; x_wconf 85' lang='lat'>—</span> <span class='ocrx_word' id='word_1_150' title='bbox 886 2383 1134 2466; x_wconf 90' lang='lat' dir='ltr'><strong>Frequenlatio</strong></span> <span class='ocrx_word' id='word_1_151' title='bbox 1162 2389 1220 2462; x_wconf 90' lang='lat' dir='ltr'><strong>est,</strong></span> 
     </span>
     <span class='ocr_line' id='line_1_22' title="bbox 147 2490 1215 2573; baseline 0.001 -21"><span class='ocrx_word' id='word_1_152' title='bbox 147 2490 289 2573; x_wconf 89' lang='lat' dir='ltr'><strong>quando</strong></span> <span class='ocrx_word' id='word_1_153' title='bbox 313 2491 443 2554; x_wconf 89' lang='lat' dir='ltr'><strong>similes</strong></span> <span class='ocrx_word' id='word_1_154' title='bbox 477 2511 530 2554; x_wconf 88' lang='lat' dir='ltr'><strong>res</strong></span> <span class='ocrx_word' id='word_1_155' title='bbox 564 2491 617 2555; x_wconf 87' lang='lat' dir='ltr'><strong>vel</strong></span> <span class='ocrx_word' id='word_1_156' title='bbox 650 2492 761 2555; x_wconf 90' lang='lat' dir='ltr'><strong>multa</strong></span> <span class='ocrx_word' id='word_1_157' title='bbox 785 2492 1038 2569; x_wconf 89' lang='lat' dir='ltr'><strong>coadunantur,</strong></span> <span class='ocrx_word' id='word_1_158' title='bbox 1063 2496 1104 2554; x_wconf 89' lang='lat' dir='ltr'><strong>ut</strong></span> <span class='ocrx_word' id='word_1_159' title='bbox 1127 2490 1215 2554; x_wconf 85' lang='lat' dir='ltr'><strong>ratio</strong></span> 
     </span>
     <span class='ocr_line' id='line_1_23' title="bbox 149 2597 1221 2682; baseline 0 -23"><span class='ocrx_word' id='word_1_160' title='bbox 149 2597 290 2663; x_wconf 88' lang='lat' dir='ltr'><strong>maioris</strong></span> <span class='ocrx_word' id='word_1_161' title='bbox 313 2597 477 2680; x_wconf 89' lang='lat' dir='ltr'><strong>ponderis</strong></span> <span class='ocrx_word' id='word_1_162' title='bbox 501 2598 556 2678; x_wconf 88' lang='lat' dir='ltr'><strong>sil,</strong></span> <span class='ocrx_word' id='word_1_163' title='bbox 580 2599 601 2661; x_wconf 95' lang='lat' dir='ltr'><strong>i.</strong></span> <span class='ocrx_word' id='word_1_164' title='bbox 627 2618 657 2662; x_wconf 87' lang='lat' dir='ltr'><strong>e.</strong></span> <span class='ocrx_word' id='word_1_165' title='bbox 683 2605 719 2662; x_wconf 88' lang='lat' dir='ltr'><strong>ut</strong></span> <span class='ocrx_word' id='word_1_166' title='bbox 743 2599 853 2680; x_wconf 92' lang='lat' dir='ltr'><strong>magis</strong></span> <span class='ocrx_word' id='word_1_167' title='bbox 876 2597 1084 2682; x_wconf 86' lang='lat' dir='ltr'><strong>persuadeat</strong></span> <span class='ocrx_word' id='word_1_168' title='bbox 1112 2597 1169 2660; x_wconf 92' lang='lat' dir='ltr'><strong>vel</strong></span> <span class='ocrx_word' id='word_1_169' title='bbox 1186 2601 1221 2659; x_wconf 89' lang='lat' dir='ltr'><strong>ut</strong></span> 
     </span>
     <span class='ocr_line' id='line_1_24' title="bbox 111 2702 1221 2786; baseline -0.002 -19"><span class='ocrx_word' id='word_1_170' title='bbox 111 2702 113 2706; x_wconf 49' lang='lat'><em>⁴</em></span> <span class='ocrx_word' id='word_1_171' title='bbox 149 2702 323 2767; x_wconf 85' lang='lat' dir='ltr'><strong>auditores</strong></span> <span class='ocrx_word' id='word_1_172' title='bbox 352 2712 571 2768; x_wconf 88' lang='lat' dir='ltr'><strong>commoveat</strong></span> <span class='ocrx_word' id='word_1_173' title='bbox 595 2706 639 2768; x_wconf 92' lang='lat' dir='ltr'><strong>ad</strong></span> <span class='ocrx_word' id='word_1_174' title='bbox 664 2705 930 2786; x_wconf 91' lang='lat' dir='ltr'><strong>indignandum.</strong></span> <span class='ocrx_word' id='word_1_175' title='bbox 978 2706 1020 2767; x_wconf 89' lang='lat' dir='ltr'><strong>Et</strong></span> <span class='ocrx_word' id='word_1_176' title='bbox 1043 2705 1114 2768; x_wconf 91' lang='lat' dir='ltr'><strong>hoc</strong></span> <span class='ocrx_word' id='word_1_177' title='bbox 1138 2703 1221 2767; x_wconf 89' lang='lat' dir='ltr'><strong>dicit</strong></span> 
     </span>
     <span class='ocr_line' id='line_1_25' title="bbox 148 2810 1221 2894; baseline 0 -21"><span class='ocrx_word' id='word_1_178' title='bbox 148 2811 274 2874; x_wconf 91' lang='lat' dir='ltr'><strong>divisio</strong></span> <span class='ocrx_word' id='word_1_179' title='bbox 299 2830 405 2894; x_wconf 91' lang='lat' dir='ltr'><strong>quam</strong></span> <span class='ocrx_word' id='word_1_180' title='bbox 429 2813 536 2894; x_wconf 87' lang='lat' dir='ltr'><strong>ponit.</strong></span> <span class='ocrx_word' id='word_1_181' title='bbox 586 2813 629 2875; x_wconf 88' lang='lat' dir='ltr'><strong>Et</strong></span> <span class='ocrx_word' id='word_1_182' title='bbox 652 2812 846 2876; x_wconf 90' lang='lat' dir='ltr'><strong>notandum</strong></span> <span class='ocrx_word' id='word_1_183' title='bbox 870 2811 965 2894; x_wconf 90' lang='lat' dir='ltr'><strong>quod</strong></span> <span class='ocrx_word' id='word_1_184' title='bbox 989 2810 1221 2892; x_wconf 86' lang='lat' dir='ltr'><strong>frequentatio</strong></span> 
     </span>
     <span class='ocr_line' id='line_1_26' title="bbox 149 2917 1223 3001; baseline -0.001 -21"><span class='ocrx_word' id='word_1_185' title='bbox 149 2917 275 2980; x_wconf 90' lang='lat' dir='ltr'><strong>dicitur</strong></span> <span class='ocrx_word' id='word_1_186' title='bbox 298 2924 330 2981; x_wconf 86' lang='lat' dir='ltr'><strong>et</strong></span> <span class='ocrx_word' id='word_1_187' title='bbox 353 2925 496 2981; x_wconf 92' lang='lat' dir='ltr'><strong>ornatus</strong></span> <span class='ocrx_word' id='word_1_188' title='bbox 521 2919 556 2981; x_wconf 92' lang='lat' dir='ltr'><strong>in</strong></span> <span class='ocrx_word' id='word_1_189' title='bbox 580 2919 736 2983; x_wconf 84' lang='lat' dir='ltr'><strong>oratione</strong></span> <span class='ocrx_word' id='word_1_190' title='bbox 759 2925 791 2981; x_wconf 85' lang='lat' dir='ltr'><strong>et</strong></span> <span class='ocrx_word' id='word_1_191' title='bbox 819 2919 894 3001; x_wconf 92' lang='lat' dir='ltr'><strong>ipsa</strong></span> <span class='ocrx_word' id='word_1_192' title='bbox 922 2917 1042 2984; x_wconf 89' lang='lat' dir='ltr'><strong>oratio.</strong></span> <span class='ocrx_word' id='word_1_193' title='bbox 1078 2917 1122 2980; x_wconf 85' lang='lat' dir='ltr'><strong>Et</strong></span> <span class='ocrx_word' id='word_1_194' title='bbox 1145 2917 1223 2980; x_wconf 90' lang='lat' dir='ltr'><strong>licet</strong></span> 
     </span>
     <span class='ocr_line' id='line_1_27' title="bbox 150 3024 1222 3109; baseline -0.001 -22"><span class='ocrx_word' id='word_1_195' title='bbox 150 3025 307 3088; x_wconf 86' lang='lat' dir='ltr'><strong>videatur</strong></span> <span class='ocrx_word' id='word_1_196' title='bbox 338 3044 411 3089; x_wconf 90' lang='lat' dir='ltr'><strong>esse</strong></span> <span class='ocrx_word' id='word_1_197' title='bbox 445 3026 611 3109; x_wconf 84' lang='lat' dir='ltr'><strong>epilogus,</strong></span> <span class='ocrx_word' id='word_1_198' title='bbox 634 3033 751 3089; x_wconf 90' lang='lat' dir='ltr'><strong>tamen</strong></span> <span class='ocrx_word' id='word_1_199' title='bbox 776 3026 888 3088; x_wconf 86' lang='lat' dir='ltr'><strong>differt</strong></span> <span class='ocrx_word' id='word_1_200' title='bbox 912 3024 948 3087; x_wconf 94' lang='lat' dir='ltr'><strong>in</strong></span> <span class='ocrx_word' id='word_1_201' title='bbox 973 3025 1051 3103; x_wconf 92' lang='lat' dir='ltr'><strong>hoc,</strong></span> <span class='ocrx_word' id='word_1_202' title='bbox 1075 3024 1163 3107; x_wconf 91' lang='lat' dir='ltr'><strong>quia</strong></span> <span class='ocrx_word' id='word_1_203' title='bbox 1188 3024 1222 3086; x_wconf 89' lang='lat' dir='ltr'><strong>in</strong></span> 
     </span>
     <span class='ocr_line' id='line_1_28' title="bbox 150 3130 1224 3215; baseline -0.001 -21"><span class='ocrx_word' id='word_1_204' title='bbox 150 3131 285 3214; x_wconf 85' lang='lat' dir='ltr'><strong>epilogo</strong></span> <span class='ocrx_word' id='word_1_205' title='bbox 321 3132 474 3195; x_wconf 91' lang='lat' dir='ltr'><strong>lirmiora</strong></span> <span class='ocrx_word' id='word_1_206' title='bbox 508 3139 643 3197; x_wconf 87' lang='lat' dir='ltr'><strong>lantum</strong></span> <span class='ocrx_word' id='word_1_207' title='bbox 683 3138 885 3215; x_wconf 88' lang='lat' dir='ltr'><strong>argumenta</strong></span> <span class='ocrx_word' id='word_1_208' title='bbox 918 3131 1129 3213; x_wconf 85' lang='lat' dir='ltr'><strong>colligimus,</strong></span> <span class='ocrx_word' id='word_1_209' title='bbox 1167 3130 1224 3193; x_wconf 86' lang='lat' dir='ltr'><strong>hic</strong></span> 
     </span>
     <span class='ocr_line' id='line_1_29' title="bbox 150 3237 1224 3316; baseline -0.003 -14"><span class='ocrx_word' id='word_1_210' title='bbox 150 3258 230 3302; x_wconf 87' lang='lat' dir='ltr'><strong>vero</strong></span> <span class='ocrx_word' id='word_1_211' title='bbox 264 3239 364 3301; x_wconf 80' lang='lat' dir='ltr'><strong>firma</strong></span> <span class='ocrx_word' id='word_1_212' title='bbox 398 3245 431 3301; x_wconf 91' lang='lat' dir='ltr'><strong>et</strong></span> <span class='ocrx_word' id='word_1_213' title='bbox 459 3239 598 3302; x_wconf 86' lang='lat' dir='ltr'><strong>infirma</strong></span> <span class='ocrx_word' id='word_1_214' title='bbox 623 3240 742 3303; x_wconf 90' lang='lat' dir='ltr'><strong>omnia</strong></span> <span class='ocrx_word' id='word_1_215' title='bbox 771 3239 806 3301; x_wconf 92' lang='lat' dir='ltr'><strong>in</strong></span> <span class='ocrx_word' id='word_1_216' title='bbox 832 3258 942 3301; x_wconf 91' lang='lat' dir='ltr'><strong>unum</strong></span> <span class='ocrx_word' id='word_1_217' title='bbox 966 3237 1224 3316; x_wconf 90' lang='lat' dir='ltr'><strong>coadunamus,</strong></span> 
     </span>
     <span class='ocr_line' id='line_1_30' title="bbox 151 3344 1226 3428; baseline -0.002 -20"><span class='ocrx_word' id='word_1_218' title='bbox 151 3346 208 3408; x_wconf 90' lang='lat' dir='ltr'><strong>hic</strong></span> <span class='ocrx_word' id='word_1_219' title='bbox 232 3345 275 3408; x_wconf 90' lang='lat' dir='ltr'><strong>ad</strong></span> <span class='ocrx_word' id='word_1_220' title='bbox 300 3345 510 3426; x_wconf 83' lang='lat' dir='ltr'><strong>augendum,</strong></span> <span class='ocrx_word' id='word_1_221' title='bbox 536 3346 570 3408; x_wconf 91' lang='lat' dir='ltr'><strong>in</strong></span> <span class='ocrx_word' id='word_1_222' title='bbox 592 3347 728 3428; x_wconf 90' lang='lat' dir='ltr'><strong>epilogo</strong></span> <span class='ocrx_word' id='word_1_223' title='bbox 745 3346 789 3409; x_wconf 92' lang='lat' dir='ltr'><strong>ad</strong></span> <span class='ocrx_word' id='word_1_224' title='bbox 807 3345 1086 3408; x_wconf 83' lang='lat' dir='ltr'><strong>memorandum.</strong></span> <span class='ocrx_word' id='word_1_225' title='bbox 1121 3344 1226 3409; x_wconf 91' lang='lat' dir='ltr'><strong>Color</strong></span> 
     </span>
     <span class='ocr_line' id='line_1_31' title="bbox 152 3451 1226 3535; baseline -0.001 -21"><span class='ocrx_word' id='word_1_226' title='bbox 152 3452 214 3515; x_wconf 89' lang='lat' dir='ltr'><strong>istc</strong></span> <span class='ocrx_word' id='word_1_227' title='bbox 239 3453 273 3515; x_wconf 93' lang='lat' dir='ltr'><strong>in</strong></span> <span class='ocrx_word' id='word_1_228' title='bbox 299 3452 396 3516; x_wconf 92' lang='lat' dir='ltr'><strong>omni</strong></span> <span class='ocrx_word' id='word_1_229' title='bbox 421 3453 530 3534; x_wconf 81' lang='lat' dir='ltr'><strong>figura</strong></span> <span class='ocrx_word' id='word_1_230' title='bbox 547 3473 644 3535; x_wconf 84' lang='lat' dir='ltr'><strong>aeque</strong></span> <span class='ocrx_word' id='word_1_231' title='bbox 670 3454 769 3531; x_wconf 85' lang='lat' dir='ltr'><strong>valet,</strong></span> <span class='ocrx_word' id='word_1_232' title='bbox 786 3452 822 3515; x_wconf 93' lang='lat' dir='ltr'><strong>in</strong></span> <span class='ocrx_word' id='word_1_233' title='bbox 846 3451 1000 3515; x_wconf 89' lang='lat' dir='ltr'><strong>iudiciali</strong></span> <span class='ocrx_word' id='word_1_234' title='bbox 1017 3451 1226 3533; x_wconf 90' lang='lat' dir='ltr'><strong>plurimum,</strong></span> 
     </span>
     <span class='ocr_line' id='line_1_32' title="bbox 151 3557 1226 3642; baseline -0.002 -20"><span class='ocrx_word' id='word_1_235' title='bbox 151 3559 233 3642; x_wconf 92' lang='lat' dir='ltr'><strong>quia</strong></span> <span class='ocrx_word' id='word_1_236' title='bbox 267 3559 357 3623; x_wconf 84' lang='lat' dir='ltr'><strong>valet</strong></span> <span class='ocrx_word' id='word_1_237' title='bbox 389 3559 434 3622; x_wconf 92' lang='lat' dir='ltr'><strong>ad</strong></span> <span class='ocrx_word' id='word_1_238' title='bbox 458 3559 707 3623; x_wconf 90' lang='lat' dir='ltr'><strong>accusandum.</strong></span> <span class='ocrx_word' id='word_1_239' title='bbox 755 3558 924 3624; x_wconf 87' lang='lat' dir='ltr'><strong>Convenit</strong></span> <span class='ocrx_word' id='word_1_240' title='bbox 948 3557 1052 3621; x_wconf 90' lang='lat' dir='ltr'><strong>etiam</strong></span> <span class='ocrx_word' id='word_1_241' title='bbox 1077 3557 1226 3622; x_wconf 91' lang='lat' dir='ltr'><strong>demon-</strong></span> 
     </span>
     <span class='ocr_line' id='line_1_33' title="bbox 152 3663 1228 3749; baseline 0 -20"><span class='ocrx_word' id='word_1_242' title='bbox 152 3666 294 3731; x_wconf 89' lang='lat' dir='ltr'><strong>strativo</strong></span> <span class='ocrx_word' id='word_1_243' title='bbox 318 3667 445 3749; x_wconf 86' lang='lat' dir='ltr'><strong>generi,</strong></span> <span class='ocrx_word' id='word_1_244' title='bbox 469 3667 560 3731; x_wconf 90' lang='lat' dir='ltr'><strong>valet</strong></span> <span class='ocrx_word' id='word_1_245' title='bbox 584 3666 676 3730; x_wconf 91' lang='lat' dir='ltr'><strong>enim</strong></span> <span class='ocrx_word' id='word_1_246' title='bbox 702 3665 746 3729; x_wconf 92' lang='lat' dir='ltr'><strong>ad</strong></span> <span class='ocrx_word' id='word_1_247' title='bbox 771 3665 987 3729; x_wconf 90' lang='lat' dir='ltr'><strong>laudandum</strong></span> <span class='ocrx_word' id='word_1_248' title='bbox 1010 3663 1065 3726; x_wconf 91' lang='lat' dir='ltr'><strong>vel</strong></span> <span class='ocrx_word' id='word_1_249' title='bbox 1090 3664 1228 3748; x_wconf 90' lang='lat' dir='ltr'><strong>vitupe-</strong></span> 
     </span>
    </p>
   </div>
   <div class='ocr_carea' id='block_1_4' title="bbox 248 3845 745 3924">
    <p class='ocr_par' dir='ltr' id='par_1_4' title="bbox 248 3845 745 3924">
     <span class='ocr_line' id='line_1_34' title="bbox 248 3845 745 3924; baseline -0.002 -17"><span class='ocrx_word' id='word_1_250' title='bbox 248 3845 255 3879; x_wconf 85' lang='lat'>¹</span> <span class='ocrx_word' id='word_1_251' title='bbox 283 3852 453 3923; x_wconf 69' lang='lat' dir='ltr'><strong>Synalrisis</strong></span> <span class='ocrx_word' id='word_1_252' title='bbox 478 3868 496 3906; x_wconf 83' lang='lat' dir='ltr'><strong>a</strong></span> <span class='ocrx_word' id='word_1_253' title='bbox 521 3852 691 3924; x_wconf 82' lang='lat' dir='ltr'><strong>synatrisio</strong></span> <span class='ocrx_word' id='word_1_254' title='bbox 717 3852 745 3906; x_wconf 84' lang='lat' dir='ltr'><strong>h.</strong></span> 
     </span>
    </p>
   </div>
   <div class='ocr_carea' id='block_1_5' title="bbox 0 0 1374 4254">
    <p class='ocr_par' dir='ltr' id='par_1_5' title="bbox 0 0 1374 4254">
     <span class='ocr_line' id='line_1_35' title="bbox 0 0 1374 4254; baseline 0 0"><span class='ocrx_word' id='word_1_255' title='bbox 0 0 1374 4254; x_wconf 95' lang='lat' dir='ltr'><strong> </strong></span> 
     </span>
    </p>
   </div>
  </div>
 </body>
</html>
