2716 4254
625 267 779 332 -g-

165 425 263 488 nium
296 424 435 489 finitum
468 446 508 490 ac
541 447 602 510 per
636 448 690 491 me
723 428 916 491 Iohannem
950 417 1096 491 Poulain
1126 449 1232 491 manu

166 534 306 617 propria
350 534 527 616 scriptum.
589 536 690 597 Anno
730 536 774 598 ab
815 535 1051 599 incarnatione
1092 536 1232 599 Domini

169 641 471 706 MCCCCLXXXV
494 640 549 704 die
574 643 695 724 quinta
720 644 849 706 mensis
875 643 1054 706 Februarii
1080 643 1234 705 Parisius

167 748 260 829 apud
289 749 471 829 collegium
498 749 613 812 Sancti
639 749 778 812 Martini
803 751 979 832 Duplexis.
1004 787 1048 795 —
1073 750 1234 813 Lauduni

167 854 269 935 igitur
293 853 421 940 (hodie:
460 858 581 936 Laon,
618 857 702 940 dep.
739 854 872 942 hisne)
903 858 1059 921 codicem
1085 858 1233 921 scribere

167 962 280 1044 coepit
309 963 467 1042 Poulain,
491 963 633 1026 Parisiis
658 970 773 1026 autem
798 964 920 1027 finivit.
945 1001 988 1009 —-
1013 967 1091 1043 Qua
1115 966 1171 1028 via
1196 967 1232 1027 in

168 1070 325 1133 Sueciam
358 1070 467 1133 codex
499 1071 641 1149 venerit,
673 1071 830 1152 indagari
861 1091 962 1154 posse
994 1092 1063 1135 non
1088 1072 1233 1135 videtur.

166 1177 232 1239 Sed
263 1178 440 1240 Holmiam
465 1177 608 1268 Upsalia
632 1178 776 1241 allatum
801 1198 886 1258 esse,
911 1197 950 1242 eo
974 1180 1013 1241 fit
1036 1179 1234 1258 uerisimile,

165 1284 259 1366 quod
285 1285 388 1347 index
413 1285 558 1367 quidam
583 1282 970 1368 librorum1,quianno
995 1287 1233 1350 MDCXLVlll

88 1394 90 1398 ’
166 1410 205 1453 ex
223 1391 432 1455 bibliotheca
450 1391 683 1454 universitatis
698 1393 912 1474 Upsaliensis
925 1393 969 1455 ad
987 1393 1233 1456 bibliothecam

166 1498 295 1579 regiam
330 1499 566 1562 Holmiensem
604 1498 702 1561 missi
732 1506 829 1580 sunt,
853 1500 942 1562 inter
965 1500 1032 1562 alia
1057 1501 1233 1564 Ciceronis

165 1626 269 1688 opera
294 1607 398 1669 ctiam
426 1607 646 1670 »Rlnmrual
675 1604 855 1669 continet.²

255 1714 385 1776 Eadem
418 1733 525 1777 manu
554 1719 664 1776 totum
691 1713 847 1776 codicem
872 1714 1040 1797 scriptum
1065 1734 1150 1793 esse,
1175 1715 1234 1778 do-

168 1839 242 1882 cere
278 1827 390 1902 potest
422 1840 503 1884 cum
537 1820 727 1883 litterarum
752 1821 981 1904 aequabilitas,
1005 1828 1079 1883 tum
1105 1822 1236 1884 librarii

165 1928 292 1990 crebrae
321 1925 620 2011 subscriptiones³‚
645 1928 705 1990 ubi
730 1948 858 1992 nomen
883 1949 987 1991 suum
1012 1949 1102 2011 saepe
1127 1929 1234 1992 addit.

61 2100 62 2103 ,
167 2035 286 2117 Neque
310 2035 385 2098 sine
410 2035 577 2117 elegantia
602 2042 747 2099 exaratae
772 2043 853 2098 sunt
878 2037 1012 2113 litterae;
1035 2038 1102 2099 hoc
1119 2017 1235 2099 tamen

166 2143 202 2204 in
222 2148 316 2205 textu
334 2144 485 2225 apertius
499 2145 608 2206 elucet
622 2161 726 2224 quam
742 2142 777 2204 in
791 2144 1052 2222 commentario,
1069 2143 1126 2206 hic
1143 2144 1235 2206 enim

66 2316 69 2321 ,
164 2249 342 2332 perparvis
366 2251 497 2331 litteris,
522 2251 578 2313 ille
603 2250 686 2312 satis
711 2250 846 2330 magnis
870 2251 1018 2333 scriptus
1036 2256 1095 2312 est.
1129 2251 1233 2328 Quod

165 2357 209 2419 ad
234 2376 307 2419 rem
331 2357 645 2441 palaeographicam
662 2357 793 2436 attinet,
811 2357 898 2420 nihil
916 2358 1072 2421 codicem
1096 2358 1140 2420 ab
1157 2357 1235 2420 aliis

165 2463 322 2528 eiusdem
346 2466 456 2528 aetatis
481 2465 616 2528 differre
641 2465 753 2528 credo.
791 2465 909 2547 Neque
926 2465 968 2527 de
986 2465 1250 2547 orthographia.

167 2572 261 2654 quod
286 2572 400 2635 dicam
425 2571 538 2635 habeo
563 2572 631 2634 nisi
655 2592 708 2634 res
733 2573 824 2663 leves
849 2578 881 2634 et
905 2572 1004 2654 quasi
1030 2591 1234 2635 communes

79 2735 83 2743 .
166 2675 269 2763 (velut
294 2679 530 2761 diphthongos
555 2680 686 2756 abesse,
710 2700 733 2761 y
761 2698 823 2761 pro
853 2679 875 2757 i,
900 2680 948 2742 ch
972 2699 1034 2762 pro
1059 2681 1093 2757 h,
1117 2685 1150 2741 tt
1173 2699 1235 2761 pro

166 2793 203 2849 ct
226 2787 402 2849 interdum
426 2786 521 2869 poni,
546 2783 619 2871 etc.)
657 2787 815 2849 Rubricae
840 2786 1029 2869 litteraeque
1053 2786 1235 2849 rubricatae

165 2914 236 2957 non
253 2915 338 2957 rarae
356 2894 589 2959 inveniuntur.
615 2894 883 2977 lnterpungendi
896 2894 1022 2975 signis·
1036 2899 1068 2955 ct
1080 2892 1214 2976 (rarius)
1226 2891 1235 2922 '

255 3071 266 3108 ¹
298 3081 373 3136 Vide
410 3081 440 3136 C.
474 3080 664 3150 Annerstedt‚
702 3081 819 3152 Upsala
856 3079 1232 3136 Universitetsbibliotelrs

165 3171 297 3226 historia
322 3170 403 3225 intill
427 3170 463 3225 air
487 3170 556 3225 1702
579 3165 629 3242 (=
659 3170 693 3225 K.
718 3170 856 3238 Vittcrh,
882 3169 959 3224 Hist.
984 3186 1011 3224 o.
1036 3169 1103 3224 Ant.
1120 3168 1233 3223 Akads

168 3260 290 3330 Handl,
315 3261 350 3314 N.
377 3260 407 3314 F.
433 3260 474 3315 12:
487 3261 520 3328 2),
546 3276 574 3330 p.
599 3258 717 3314 80-81.

255 3340 267 3377 ²
292 3350 327 3404 In
352 3348 455 3404 indice
480 3349 572 3404 etiam
598 3348 668 3403 ’Cic¹
688 3348 930 3403 Rhetoricorum
956 3347 1042 3402 aliud
1066 3345 1234 3418 exemplar*

167 3442 442 3495 commemoratur.
477 3438 582 3493 Potest
606 3438 658 3492 hic
683 3453 750 3492 csse
776 3437 856 3492 alius
881 3436 988 3506 codex,
1005 3437 1059 3508 qui
1077 3437 1107 3491 in
1126 3435 1235 3491 biblio·

166 3530 256 3584 theca
281 3528 365 3598 regia
390 3531 541 3593 servatur,
565 3527 647 3594 [Cic]
671 3528 749 3582 rhet.
774 3526 814 3581 ad
832 3527 903 3582 Her.
921 3530 1042 3581 tantum
1062 3526 1235 3580 continens,

166 3618 264 3673 Paulo
297 3618 451 3672 vetustior
483 3633 578 3688 quam
608 3616 687 3672 alter
711 3632 779 3671 csse
803 3616 935 3682 videtur,
962 3614 1079 3670 saeculo
1105 3614 1235 3669 MCCCC

165 3708 214 3764 vel
247 3707 340 3762 ctiam
375 3707 463 3778 prius
488 3706 634 3777 scriptus
683 3706 847 3760 Lectiones
875 3704 1002 3760 easdem
1027 3704 1092 3759 fere
1118 3703 1236 3776 praebet

166 3813 245 3868 quas
270 3796 323 3851 alli
348 3796 457 3851 classis
482 3795 509 3851 E
530 3790 652 3867 (Marxii
677 3795 767 3865 signo
792 3789 876 3854 utorl
900 3793 983 3850 libri.

250 3877 367 3941 “³Nam
399 3889 520 3959 praeter
544 3901 606 3956 eas,
630 3901 709 3958 quas
739 3900 835 3957 supra
861 3883 1012 3955 exscripsi
1037 3898 1171 3954 quaeque
1197 3882 1234 3936 dc

136 3974 289 4042 tempore
314 3981 346 4030 et
370 3977 446 4034 loco
472 3996 535 4036 nos
559 3978 689 4050 docent,
713 3976 786 4034 aliae
809 3973 920 4031 multae
941 3973 1155 4028 inueniuntur.
