2716 4254
640 205 794 270 ..3-⁴

271 368 349 444 Quo
370 373 524 450 tempore
545 367 670 449 soripta
694 367 763 429 sint
783 367 927 446 scholia,
944 367 1134 450 quominus
1152 385 1246 429 erua-

182 495 271 553 mus,
296 475 404 536 multa
430 474 610 537 obsistunt.
645 475 732 537 Nam
756 475 886 557 quaein
904 452 1247 545 hhodiehabemus,
1268 474 1270 479 ’

181 601 222 643 ex
247 582 365 644 multis
389 581 486 644 libris
511 582 585 645 sine
610 582 717 645 dubio
735 582 922 665 multisque
939 583 1154 665 temporibus
1178 582 1246 644 col-

180 689 266 751 lecta
291 696 382 752 sunt.
416 691 454 752 ln
480 689 608 753 scholis
634 696 761 769 autem,
786 690 847 752 ubi
871 690 1079 753 rhetoricam
1105 690 1147 751 ad
1167 690 1245 750 Her.

180 796 371 878 antiquitus
407 797 601 860 adhibitam
627 817 701 860 esse
725 803 870 876 constat,
894 798 1045 878 plurima
1069 804 1150 860 nata
1175 816 1247 859 esse

179 903 335 967 conicere
348 901 450 968 licet.1
475 905 525 966 lla
536 905 682 985 legimus
698 906 776 966 11A:
790 904 995 986 'Praeceptor
1008 904 1143 980 noster’3
1158 908 1199 966 25
1213 905 1245 967 b:

180 1010 385 1094 ’Praeceptor
411 1032 508 1075 meus
533 1012 582 1075 ait
606 1032 642 1075 se
665 1011 848 1075 audivisse’
875 1018 952 1084 elc.;
980 1014 1042 1074 102
1067 1012 1103 1074 b:
1130 1012 1245 1092 'Magi-

179 1123 247 1180 ster
264 1120 468 1188 Theodorus
486 1119 567 1183 dicit
584 1157 614 1163 —
630 1157 662 1163 —
677 1119 838 1199 Magister
852 1120 936 1182 Petr.
951 1120 1019 1197 hel,
1034 1157 1067 1163 —
1085 1157 1117 1163 -
1135 1119 1245 1195 dicit';

180 1228 242 1288 105
276 1226 312 1288 b:
345 1226 391 1288 ’in
425 1227 632 1290 lectionibus
666 1226 932 1308 magistrorum'.
981 1226 1099 1308 Neque
1129 1226 1245 1288 minus

178 1334 346 1415 exempla,
380 1334 508 1416 quibus
542 1341 713 1417 praecepra
747 1334 829 1396 artis
860 1333 1243 1397 rhetoricaeinlerdum

178 1439 421 1520 illustrantur,²
454 1443 611 1505 scholam
648 1441 812 1503 redolent.
861 1442 947 1518 Quae
980 1460 1060 1502 cum
1095 1441 1141 1502 ita
1166 1441 1245 1519 sint,

178 1567 248 1610 non
273 1554 334 1628 est,
359 1568 420 1611 cur
444 1550 621 1628 miremur,
646 1549 740 1630 quod
765 1547 839 1610 sine
864 1548 934 1609 ullo
960 1548 1089 1610 iudicio
1114 1548 1245 1630 quaevis

16 1700 19 1717 .
67 1670 69 1675 ’
176 1655 211 1717 in
247 1656 498 1718 commentario
534 1657 677 1720 collecta
711 1674 783 1718 esse
817 1654 988 1717 videntur.
1037 1655 1108 1718 Sub
1139 1650 1244 1717 simili

177 1763 229 1825 vel
254 1763 377 1825 eodem
401 1764 563 1826 lemmate
588 1764 681 1827 idem
706 1768 818 1825 textus
843 1763 940 1825 locus
964 1762 1090 1825 iterum
1115 1761 1167 1844 (ac
1184 1782 1243 1824 sae-

176 1870 256 1953 pius
281 1869 467 1954 interdum)
492 1871 693 1954 explicatur,
718 1870 789 1933 sive
807 1889 859 1933 res
877 1869 998 1932 eadem
1016 1869 1092 1931 aliis
1109 1875 1243 1931 tantum

174 1978 298 2041 verbis*
314 1978 488 2061 repetitur,
505 1979 576 2041 sire
593 2015 636 2023 -·
653 1978 747 2061 quod
769 1977 873 2040 etiam
897 1977 1022 2040 accidit
1038 2013 1081 2020 —
1098 1977 1244 2058 explica·

174 2084 285 2147 tiones
319 2085 385 2148 sibi
416 2105 557 2171 prorsus
582 2085 762 2148 contrariae
792 2085 1021 2171 proferuntur.
1069 2083 1141 2145 Nisi
1168 2103 1244 2146 raro

175 2194 318 2255 alteram
347 2192 613 2273 explicationem
644 2212 714 2255 non
739 2192 939 2275 praecedunt
962 2191 1080 2254 rerba:
1112 2191 1246 2254 'Melior
1265 2240 1272 2283 3

175 2305 225 2362 est
257 2301 332 2363 haec
365 2300 485 2363 littera'
517 2298 635 2384 (1031)
660 2306 692 2363 et
716 2298 812 2386 alias)
837 2300 890 2362 vel
914 2298 1143 2362 aliasimilia.
1192 2298 1243 2360 ’ln

174 2407 242 2470 hoc
266 2414 317 2470 est
340 2408 476 2471 diversa
501 2408 679 2472 sententia’
706 2403 782 2493 (124
807 2405 847 2490 a).

263 2515 351 2578 Cum
377 2517 660 2595 commentarius,
685 2515 810 2577 utiam
827 2534 931 2596 supra
949 2513 1092 2591 dictum,
1110 2532 1150 2574 ex
1167 2513 1241 2595 plu-

173 2621 281 2701 ribus,
306 2629 343 2684 ut
375 2622 421 2686 ita
446 2624 572 2703 dicam,
603 2622 768 2687 tabulatis
793 2622 904 2704 iisque
929 2620 1064 2683 diverso
1088 2626 1242 2702 tempore

173 2729 256 2792 ortis
274 2736 416 2809 constet,
433 2737 563 2794 certum
582 2731 760 2814 quoddam
777 2736 915 2811 tempus
932 2728 1036 2791 statui
1053 2748 1124 2790 non
1141 2747 1241 2810 posse

172 2837 208 2898 in
233 2844 351 2919 aperto
376 2845 435 2901 est.
485 2839 573 2901 Nam
599 2839 628 2901 si
645 2859 715 2920 quo
738 2838 814 2900 loco
832 2836 933 2898 nobis
949 2842 1129 2918 tamquam
1148 2855 1241 2898 ansa>

171 2944 215 3006 ad
244 2951 382 3029 tempus
407 2946 645 3009 definiendum
670 2945 759 3008 datae
784 2949 875 3024 sunt,
900 2943 987 3005 nibil
1012 2942 1081 3005 fere
1105 2942 1241 3024 profici-

263 3194 274 3229 ¹
300 3202 451 3258 Similiter
483 3216 566 3273 ergo,
601 3202 627 3257 si
661 3202 723 3256 hoc
755 3217 875 3269 verum,
905 3199 1026 3255 scholia
1056 3200 1241 3255 exstiterunt

172 3295 266 3362 atque
291 3293 448 3348 rhetorica
473 3291 514 3346 ad
539 3292 611 3347 ller.
641 3291 719 3362 ipsa,
744 3307 815 3361 quae
839 3289 916 3361 quin
941 3289 981 3344 ad
1006 3289 1121 3344 dictata
1147 3290 1240 3359 magi-

172 3381 227 3435 stri
252 3382 368 3452 scripta
393 3382 433 3436 sit
456 3377 565 3453 (Marx,
589 3381 607 3436 l.
633 3396 657 3435 c.
684 3379 765 3434 Prol.
791 3396 819 3450 p.
844 3378 968 3448 80-82),
994 3395 1058 3434 non
1076 3378 1168 3434 debet
1185 3379 1240 3433 du-

171 3470 273 3526 bitari.
320 3470 380 3539 Qui
414 3475 517 3526 aulem
552 3470 613 3524 hoc
647 3468 846 3537 concesserit,
877 3468 1006 3523 desistat
1030 3484 1157 3524 necesse
1182 3468 1239 3523 erit

171 3561 361 3616 contendere
386 3562 472 3615 hunc
495 3559 543 3615 vel
569 3559 657 3613 illum
682 3563 844 3613 auctorem
861 3557 966 3613 fuisse.
1000 3559 1117 3629 Neque,
1135 3558 1161 3612 si
1178 3557 1238 3611 sibi

171 3654 316 3705 constare
351 3650 443 3718 volet,
479 3665 537 3719 pro
573 3652 659 3703 certo
695 3646 819 3718 negabit
851 3647 1115 3702 commentarium
1149 3647 1237 3701 illum

171 3739 396 3794 scholasticum
430 3755 494 3793 non
524 3738 628 3792 minus
658 3736 818 3792 Ciceronis
847 3753 943 3807 quam
968 3735 1048 3791 alius
1073 3736 1240 3792 cuiuslibet

171 3844 239 3883 esse
264 3829 412 3900 potuisse.

261 3909 272 3944 ²
297 3918 449 3984 Quaedam
474 3916 541 3971 eius
565 3915 687 3986 generis
712 3914 793 3969 infra
818 3907 859 3990 (p.
878 3914 913 3969 33
930 3906 1012 3990 sqq.)
1037 3915 1215 3969 afferentur.
