2716 4254
590 222 767 280 -63-

139 383 236 464 gravi
261 383 372 463 ligura
396 380 626 464 potest'poni.
673 379 944 462 Ampliticationi
964 378 1115 441 maxime
1132 398 1211 441 con·

141 489 236 553 venit
260 495 293 552 et
317 489 361 552 ad
386 488 679 551 commovendum
716 492 835 549 contra
859 486 1010 568 aliquem
1035 485 1080 547 ad
1104 485 1213 566 indig-

142 595 332 659 nationem.
381 597 420 658 ln
456 594 720 658 confirmatione
749 599 782 655 et
810 592 1076 675 reprehensione
1109 592 1211 655 etiam

142 710 255 787 potest
289 704 412 767 valere.
461 703 582 764 Differt
606 721 626 764 a
650 699 873 779 correctione,
906 700 988 782 quia
1021 699 1070 762 ibi
1101 719 1211 762 ernen-

141 811 236 874 datio
262 817 322 890 est,
340 810 397 873 hic
414 811 519 873 nulla.
566 808 632 872 Sed
649 811 723 872 haec
740 807 909 890 expositio
926 827 1016 890 saepe
1034 796 1053 870 a
1072 807 1214 870 Platone

142 918 388 1000 frequentatur.
438 919 504 980 lste
537 917 645 979 color:
685 917 769 978 'rem
804 914 991 997 publicam,
1028 914 1214 995 civitatem,

140 1022 497 1109 radicitusfitunditus
523 1022 697 1100 evertisti';
724 1029 756 1085 et
782 1022 918 1104 singula
934 1022 1039 1085 verba
1063 1022 1213 1085 invicem

140 1133 210 1195 sibi
236 1140 268 1196 et
291 1138 363 1195 tota
387 1132 497 1195 oratio
521 1131 584 1193 toti
609 1130 801 1212 aequivalet.

234 1258 290 1338 lV,
315 1260 357 1320 28
381 1254 403 1339 ξ
426 1258 469 1319 39
496 1253 717 1319 Commutatio
741 1259 800 1317 est.
836 1252 891 1317 Sic
907 1254 1083 1318 delinitur:
1116 1255 1215 1318 Com-

143 1364 290 1427 mutatio
322 1370 383 1443 est,
408 1370 446 1426 ut
470 1382 511 1425 ex
535 1362 672 1425 duabus
697 1361 876 1424 sententiis
901 1362 1083 1425 contrariis
1107 1363 1214 1426 altera
1267 1364 1271 1393 ¹

142 1471 331 1552 traiciatur,
356 1470 528 1534 contraria
545 1469 652 1552 priori
669 1488 730 1552 per
745 1468 1009 1533 conversionem
1027 1470 1213 1533 verborum

141 1579 352 1660 transiectio,
377 1578 397 1640 i.
424 1598 451 1641 e.
476 1577 618 1660 quando
652 1576 699 1639 ita
730 1576 808 1639 duae
839 1576 1012 1640 orationes
1036 1584 1215 1660 ponuntur

143 1687 299 1767 diversae,
325 1686 419 1768 quod
443 1685 613 1768 posterior
636 1683 681 1746 sit
704 1684 885 1747 conversio
902 1684 1037 1767 prioris.
1075 1685 1212 1748 Notate:

143 1793 313 1856 obscurus
338 1799 388 1856 est
405 1793 468 1855 iste
485 1793 589 1854 color.
631 1792 670 1853 ln
687 1792 782 1872 gravi
799 1792 909 1874 ligura
925 1793 1024 1854 valet.
1063 1792 1213 1855 Maxime

144 1907 195 1964 est
228 1899 514 1963 accommodatus
545 1898 588 1961 ad
614 1898 780 1961 auxesim.
830 1900 868 1961 In
893 1900 1158 1962 confirmatione
1182 1906 1215 1962 et

142 2008 411 2090 reprehensione
435 2013 486 2069 est
509 2005 614 2068 utilis
662 2005 805 2068 Videtur
821 2026 895 2069 esse
912 2006 1136 2087 contrarium,
1153 2007 1214 2070 sed

141 2135 212 2178 non
238 2121 299 2194 est,
323 2114 407 2197 quia
431 2113 480 2177 ibi
504 2133 615 2176 unum
640 2113 853 2176 contrarium
878 2114 1003 2197 probat
1027 2114 1133 2194 aliud,
1156 2115 1215 2177 hic

143 2240 225 2284 vero
250 2240 320 2284 non
345 2229 396 2285 est
419 2221 476 2284 ita.
525 2220 746 2284 Contentioni
774 2221 912 2284 videtur
934 2222 1129 2302 convenire,
1155 2221 1215 2284 sed

142 2328 266 2409 differt,
291 2329 384 2410 quia,
408 2328 445 2391 in
469 2327 690 2391 contentione
714 2335 893 2410 ponuntur
918 2326 994 2413 [hic]
1013 2328 1118 2392 verba
1134 2349 1214 2392 con-

141 2435 258 2515 traria,
293 2436 351 2499 hic
386 2455 466 2498 vero
501 2455 583 2514 non,
617 2435 677 2497 sed
707 2454 747 2497 ea
771 2455 849 2516 quae
872 2442 992 2518 postea
1016 2436 1109 2499 dicta
1133 2442 1214 2499 sunt

143 2549 421 2619 commutantur3
446 2548 483 2604 ut
507 2542 621 2605 vivere
645 2549 678 2605 et
702 2561 775 2605 esse
799 2562 870 2605 non
888 2550 968 2607 sunt
985 2544 1168 2607 contraria.

232 2668 287 2748 IV,
312 2670 354 2730 28
378 2665 401 2751 ξ
423 2670 466 2730 39
491 2666 709 2750 discrepantes
733 2705 776 2712 -
798 2705 838 2713 —
858 2706 901 2713 —
917 2705 961 2715 -
978 2669 1214 2733 Commutatio

142 2773 245 2855 igitur
278 2781 328 2837 est
361 2774 531 2837 traiectio'
553 2774 743 2837 eorundem
779 2775 962 2838 verborum
998 2777 1033 2838 in
1070 2776 1214 2840 diversis

142 2881 332 2944 sententiis.

233 3006 287 3086 IV,
313 3009 354 3069 28
379 3004 401 3090 ξ
425 3009 467 3071 39
492 3006 572 3090 quia
597 3027 675 3069 non.
724 3008 802 3070 Non
834 3013 884 3069 est
908 3007 950 3070 de
975 3007 1155 3089 sententia,
1181 3016 1214 3072 et

141 3118 259 3174 tamen
284 3132 354 3175 una
379 3113 557 3177 descendit
581 3133 621 3177 ex
646 3115 723 3179 alia.
772 3114 866 3177 Licet
889 3114 1041 3178 difficilis
1066 3116 1110 3178 sit
1133 3116 1213 3179 doc-

140 3219 232 3281 trina
256 3219 361 3283 huius
386 3221 522 3301 coloris,
546 3228 664 3284 tamen
689 3221 936 3285 usitatissimus
961 3229 1012 3285 est
1036 3223 1072 3285 in
1096 3229 1212 3286 aucto-

141 3326 248 3389 ribus.
296 3328 494 3390 Terentius:
536 3329 677 3409 Nolunt,
703 3329 763 3392 ubi
789 3326 845 3413 [tul
870 3329 970 3407 velis;
994 3327 1072 3411 <ubi
1096 3330 1212 3416 nolis),

140 3433 287 3515 cupiunt
312 3431 434 3499 ultro.l

232 3560 287 3639 IV,
319 3563 360 3623 28
394 3559 416 3644 ξ
447 3563 489 3625 39
525 3563 621 3624 Item:
667 3563 788 3624 Poe'mo
826 3561 971 3644 loquens.
1021 3562 1116 3624 Istud
1157 3582 1211 3625 ex·

140 3667 296 3748 emplum
320 3668 441 3730 fictum
466 3675 516 3731 est
540 3676 572 3732 et
588 3669 840 3752 appositivum3
857 3668 1028 3750 quianon
1045 3669 1210 3750 intellige·

140 3771 226 3835 bant
249 3773 498 3839 definitionem.
522 3812 567 3821 —
590 3813 634 3820 -

232 3915 244 3950 ²
267 3924 336 3981 Ter.
373 3925 451 3981 Eun.
485 3927 545 3982 813.
