2716 4254
228 1167 392 1232 Codicem
429 1168 527 1230 illum
563 1168 818 1247 Corbeiensem,
858 1167 958 1232 cuius
996 1170 1220 1233 scholiorum

140 1274 231 1338 notis
266 1275 464 1338 Tironianis
500 1275 709 1357 scriptorum
745 1296 779 1358 p.
808 1277 851 1339 24
887 1276 1112 1340 mentionem
1145 1276 1219 1354 leci,

140 1382 307 1466 inspicere
342 1382 429 1446 mihi
459 1382 528 1446 iam
553 1382 661 1459 licuit,
686 1401 766 1445 cum
792 1401 930 1446 summa
954 1400 1039 1446 cum
1066 1384 1218 1448 liberali·

139 1497 206 1553 late
242 1509 373 1567 eorum,
415 1490 475 1572 qui
516 1489 735 1553 bibliothecen
775 1490 1006 1573 imperatoriae
1047 1497 1218 1573 praesunt,

139 1598 246 1661 codex
271 1617 364 1660 anno
388 1597 545 1679 proxime
570 1596 742 1679 praeterito
769 1597 947 1660 Holmiam
972 1596 1008 1659 in
1027 1596 1217 1661 bibliothe·

139 1725 215 1769 cam
241 1703 369 1786 regiam
395 1704 568 1786 Petropoli
585 1703 785 1767 mitteretur.
812 1703 949 1768 Scholia
966 1709 1090 1767 tamen
1109 1724 1216 1788 quam

140 1812 275 1895 speravi
300 1813 409 1876 multo
434 1811 563 1874 rariora
589 1830 662 1874 esse
679 1811 766 1888 vidi3
791 1830 903 1894 pauca
927 1810 1020 1874 enim
1038 1816 1074 1874 et
1092 1812 1217 1894 exigua

139 1926 220 1982 sunt
244 1920 280 1982 in
306 1919 415 1997 initio,
440 1917 611 2001 posterius
637 1919 732 1981 nulla
757 1919 826 1983 lere
850 1918 1087 1982 inveniuntur.
1127 1920 1216 1984 Cum

139 2027 281 2091 scholiis
307 2045 412 2109 supra
437 2024 591 2088 tractatis
607 2044 794 2089 commune
812 2025 854 2088 iis
872 2024 959 2088 nihil
975 2024 1118 2088 videtur
1131 2046 1216 2089 esse.

230 2134 316 2196 Cum
354 2139 470 2195 aulem
506 2138 630 2214 praeter
665 2132 872 2196 rhetoricam
912 2131 956 2195 ad
994 2132 1215 2196 Herennium

140 2247 254 2323 partes
289 2260 359 2303 non
389 2239 519 2320 exiguae
543 2238 621 2301 libri
648 2239 834 2319 Ciceronis,
858 2239 985 2322 quide
1010 2239 1215 2303 inventione

139 2347 349 2426 inscribitur,
386 2347 507 2410 eodem
541 2346 660 2410 codice
693 2347 962 2425 continerentur,
991 2365 1064 2410 non
1090 2347 1214 2410 inutile

137 2456 209 2518 fore
245 2455 392 2539 speravi,
428 2454 456 2516 si
486 2454 612 2516 harum
636 2453 800 2536 partium,
825 2473 922 2537 quas,
947 2460 1123 2537 quantum
1148 2455 1213 2518 sci·

140 2583 223 2635 rem,
249 2581 352 2624 nemo
376 2568 477 2624 antea
502 2561 713 2645 inquisisset,
733 2560 953 2624 collationem
971 2560 1213 2626 confecissem.

142 2671 261 2752 Neque
285 2668 378 2732 enim
403 2667 539 2732 codices
558 2668 761 2732 vetustiores
786 2667 834 2731 de
859 2667 1107 2732 inventione
1131 2687 1213 2733 con·

141 2777 288 2840 tinentes
313 2777 428 2859 plures
453 2783 544 2855 sunt,
569 2795 675 2859 quam
701 2781 832 2838 utnon
857 2775 1015 2838 omnium
1041 2775 1132 2838 ratio
1153 2777 1213 2839 ha-

143 2884 273 2962 beatur,
306 2890 338 2946 et
369 2884 555 2947 verisimile
589 2882 697 2946 videri
721 2889 865 2965 poterat,
889 2882 1045 2946 codicem
1070 2883 1214 2947 Corbei·

141 3011 270 3069 ensem,
306 2997 343 3054 nt
377 2991 421 3053 ad
454 2997 585 3054 textum
617 2990 803 3054 rhetorices
829 2989 1058 3053 Herennianae
1083 2991 1214 3054 consti-

144 3099 311 3162 tuendum
337 3098 496 3161 nonnihil
525 3098 700 3176 valuisset,
737 3098 783 3160 ita
807 3097 850 3159 ad
881 3096 923 3159 de
947 3096 1150 3160 inventione
1176 3098 1214 3161 li-

140 3207 241 3269 brum
279 3205 537 3268 emendandum
573 3205 706 3288 aliquid
741 3205 928 3267 allaturum
962 3222 1045 3267 esse.
1095 3205 1214 3283 Quam

143 3334 238 3396 spem
266 3333 320 3377 me
344 3312 504 3376 fefellisse
529 3332 598 3375 non
623 3312 735 3376 credo.

234 3421 370 3485 Codicis
409 3420 589 3483 historiam
631 3425 663 3482 et
702 3419 900 3500 diligentem
940 3418 1214 3501 descriptionem

142 3529 306 3606 Marxius,
339 3529 360 3590 l.
386 3548 424 3601 c,
450 3528 535 3610 prol.
561 3548 593 3611 p.
621 3530 750 3590 15-19
775 3525 878 3589 dedit.
927 3525 1033 3590 Cuius
1058 3526 1213 3610 descrip-

140 3636 246 3698 tionis
272 3636 346 3699 baec
370 3641 506 3698 tantum
531 3635 650 3698 afferre
675 3634 790 3696 liceat:
832 3633 966 3698 »Codex
991 3632 1214 3698 Corbeiensis

140 3744 193 3807 vel
229 3743 506 3826 Petropolitanus
543 3742 653 3804 forma
685 3741 753 3804 fere
782 3741 984 3823 quadratuS,
1008 3740 1068 3823 qui
1093 3741 1213 3805 adser-

142 3857 243 3914 vatur
266 3851 301 3914 in
327 3850 537 3914 bibliotheca
570 3847 793 3932 imperatoria
818 3847 1073 3929 Petropolitana
1097 3847 1213 3929 signa-
