2716 4254
596 198 770 257 *86*

150 375 190 418 ex
214 355 306 418 (licto
330 355 494 438 ponimus
519 355 652 438 aliquid
676 356 721 418 ad
746 356 1000 419 exhortandum
1024 359 1079 421 vel
1097 358 1220 422 dehor-

149 461 295 526 tandum
320 462 463 546 aliquid.
487 500 529 507 —-
555 499 597 508 —-
622 463 665 526 Et
688 482 825 547 semper
848 470 983 547 oportet
1007 465 1066 528 hic
1091 485 1169 531 esse
1186 467 1220 530 in

149 571 307 652 exemplo
331 570 461 634 factum
486 575 519 634 et
541 589 727 653 personam
751 570 953 641 ueldictum
970 578 1004 637 et
1018 592 1219 656 personam.

149 676 355 758 Paradigma
379 696 399 740 a
424 677 550 741 Graccis
574 713 631 746 aa.
680 679 740 742 Vel
764 678 829 742 sic:
856 679 1064 763 Exemplum
1091 688 1145 745 est
1160 701 1219 765 po-

147 783 226 847 sitio
251 784 398 848 alicuius
422 784 505 848 dicti
529 786 583 848 vel
604 785 685 848 facti
702 785 850 849 alicuius
866 805 947 850 cum
964 787 1110 852 nomine
1127 795 1220 853 certo

148 891 421 954 auctoris.--
436 891 474 954 ld
499 891 649 955 sumitur
677 893 732 955 his
762 892 805 956 de
829 893 958 957 causis:
984 913 1093 958 causa
1117 915 1218 961 orna-

148 1005 214 1076 tus,
248 1017 353 1062 causa
386 998 570 1082 probandi,
603 1018 707 1062 causa
742 999 894 1083 apertius
928 1000 1080 1081 dicendi,
1112 1023 1218 1068 causa

149 1096 312 1188 ponendi
326 1111 405 1183 ante
429 1107 558 1170 oculos

237 1249 293 1326 IV,
321 1251 364 1312 49
393 1247 416 1334 ξ
446 1253 487 1314 62
522 1249 720 1313 ornatiorem
754 1253 810 1313 ilc.
854 1251 956 1316 Color
988 1250 1052 1316 iste
1088 1254 1219 1338 ubique

149 1356 236 1420 valet
264 1357 356 1420 etin
380 1357 477 1420 omni
502 1359 610 1439 ligura
635 1358 726 1421 etin
751 1357 848 1421 omni
872 1375 1005 1439 genere,
1029 1360 1065 1422 in
1078 1363 1218 1438 ‚contir-

149 1464 300 1527 matione
324 1470 357 1528 et
381 1465 657 1547 reprehensione.

237 1608 293 1686 lV,
317 1609 360 1670 49
383 1605 406 1690 ξ
429 1611 471 1672 62
496 1609 613 1691 lmupo
629 1644 728 1653 —-—
743 1610 860 1690 lmago
885 1614 936 1672 est
956 1608 1079 1673 formae
1097 1630 1219 1696 corpo·

146 1734 212 1777 reae
245 1702 326 1778 cum
359 1714 471 1778 forma
501 1716 554 1778 vel
583 1721 715 1778 naturae
740 1735 820 1778 curn
845 1721 969 1779 natura
993 1715 1042 1780 rei
1067 1718 1218 1783 alicuius

146 1841 208 1904 per
240 1823 419 1904 quandam
452 1821 717 1886 similitudinem
747 1822 896 1901 collatio,
920 1823 942 1887 i.
967 1843 994 1888 e.
1020 1822 1140 1907 imago
1171 1834 1219 1890 est

146 1948 261 1991 rerum
297 1929 512 1994 diversarum
545 1930 641 1992 iuxta
675 1929 889 2012 corporalem
923 1931 1217 2014 compositionem

146 2037 363 2110 assimilatio,
388 2037 459 2101 sive
483 2057 536 2101 res
561 2038 605 2100 sit
631 2056 796 2121 corporea
821 2037 892 2101 sive
916 2037 1135 2121 incorporea.
1178 2044 1219 2107 Ut

146 2145 328 2227 Vergilius:
359 2145 567 2209 'Poenorum
596 2145 709 2228 qualis
734 2145 770 2208 in
794 2142 924 2208 arvis'.l
960 2145 1051 2209 Nam
1076 2151 1217 2233 proprie

146 2253 261 2335 imago
297 2258 348 2316 est
381 2252 586 2316 assimilatio
621 2252 742 2316 formae
774 2253 828 2316 vel
862 2258 993 2316 naturae
1027 2255 1136 2319 unius
1171 2257 1216 2322 rei

145 2361 265 2424 formae
289 2360 343 2424 rel
367 2365 499 2423 naturae
523 2358 663 2423 alterius
688 2360 747 2439 rei,
765 2359 897 2438 formae,
914 2365 952 2422 ut
968 2360 1018 2424 'os
1034 2361 1216 2428 humeros·

146 2488 212 2550 que
245 2468 310 2531 deo
344 2466 478 2530 similis’
504 2464 581 2530 &c.²
629 2466 841 2531 Huiusmodi
873 2465 1123 2533 similitudines
1154 2471 1216 2536 fre-

145 2582 290 2657 quenter
312 2575 349 2637 in
366 2573 567 2638 auctoribus
584 2573 812 2658 reperiuntur,
829 2593 917 2656 quas
934 2577 1215 2658 comparationes

145 2682 372 2765 appellamus.
420 2682 550 2744 Similis
579 2687 695 2745 autern
725 2681 787 2745 iste
811 2681 907 2745 color
930 2682 1090 2765 exemplo
1115 2691 1150 2748 et
1173 2685 1214 2748 si·

146 2787 345 2867 rnilitudini,
379 2788 446 2851 nisi
480 2788 573 2872 quod
602 2789 661 2851 illa
691 2787 820 2852 habent
850 2788 1151 2871 comparationem
1181 2793 1213 2854 in

144 2896 308 2959 omnibus
345 2896 459 2974 rebuS,
494 2897 569 2959 haec
602 2902 718 2958 auteur
755 2901 805 2958 est
835 2900 972 2958 tantum
1003 2895 1039 2958 in
1064 2916 1214 2980 persona

144 3004 308 3087 corporis.
357 3003 400 3067 Et
423 3003 459 3066 in
483 3002 579 3066 omni
603 3003 713 3084 figura
737 3008 850 3085 potest
873 3004 997 3078 valere,
1014 3003 1050 3066 in
1068 3003 1213 3070 demon·

144 3110 286 3174 strativo
321 3129 443 3192 genere
479 3110 639 3189 maxime,
676 3110 712 3171 in
743 3109 1007 3173 confirmatione
1038 3116 1072 3173 et
1102 3131 1213 3196 repre·

143 3216 321 3282 honsione.
664 3213 666 3217 ’

232 3334 288 3412 lV,
312 3335 355 3396 49
387 3331 474 3416 §62
508 3332 626 3395 delirat
660 3334 680 3396 i.
706 3354 733 3396 e.
759 3334 863 3396 stulta
887 3332 1055 3416 loquitur3
1082 3334 1149 3398 lira
1166 3341 1214 3399 ta·

143 3461 234 3519 rnen,
259 3440 348 3509 sicut
376 3439 460 3503 dicit
484 3440 638 3504 Isidorus
663 3440 698 3503 in
723 3439 940 3524 etymologiis
965 3437 1065 3519 suis‚⁸
1087 3440 1215 3506 dicitur

143 3547 190 3633 [ut
225 3545 340 3632 supral
377 3555 489 3612 rectus
523 3548 640 3610 sulcus
674 3547 787 3611 aratri.
836 3547 966 3612 Delirat
998 3553 1116 3612 autem
1154 3538 1230 3632 qui

142 3709 210 3718 μ-.-.
456 3710 729 3717 —--———-—-—--
1081 3711 1209 3719 ——-.-

232 3817 240 3851 ¹
266 3827 317 3881 Ac.
348 3825 454 3893 xlii.
525 3813 536 3850 ²
561 3824 679 3878 similes
704 3824 739 3887 lr;
770 3824 855 3892 Verg.
880 3825 930 3878 Ae.
957 3823 1056 3891 1,589.
1128 3814 1142 3854 ⁸
1168 3826 1212 3879 (Il.

133 3915 205 3977 Isill.
234 3914 336 3989 Elym.
363 3914 397 3989 X,
414 3912 458 3972 78.
