2716 4254
653 172 831 233 „60-

208 331 313 395 datio.
362 332 403 393 Et
427 331 494 393 hoc
518 336 568 394 est
593 330 698 413 ’quod
722 330 819 393 tollit'
839 337 912 410 etc,
930 351 1000 394 non
1018 331 1112 414 quod
1131 331 1277 394 omnino

207 439 358 517 tollatur,
382 438 443 501 sed
467 443 703 500 commutatur
722 438 945 517 vocabulum,
962 444 999 500 ut
1015 439 1051 500 in
1068 439 1144 502 eius
1161 439 1278 502 locum

209 546 304 608 aliud
339 545 425 628 quid
460 545 491 608 ei
527 545 802 627 praeponendum
836 551 887 608 est
917 552 949 608 et
977 545 1079 628 quasi
1102 546 1278 627 corrigens

209 652 339 716 subeat.

300 797 355 875 IV,
380 799 422 860 26
445 794 468 880 ξ
491 799 533 858 36
559 815 633 878 quoe
657 794 746 871 tollit,
772 795 793 857 i.
819 815 846 858 c.
872 795 1044 875 emendat,
1068 796 1163 878 quod
1181 796 1279 879 prius

187 904 342 969 ,dictum
375 909 436 982 est,
466 903 590 965 melius
621 902 793 983 addend0,
824 900 943 985 quod*
970 923 1040 965 non
1071 903 1207 966 auferat
1238 903 1279 966 de

210 1010 465 1074 constructione
489 1009 576 1072 illud
599 1010 653 1072 vel
678 1030 748 1072 non
773 1010 933 1072 ostendat
956 1010 1084 1072 falsum
1109 1030 1196 1074 esse.
1237 1011 1280 1072 Et

210 1118 253 1181 ad
289 1137 411 1180 omnes
447 1117 613 1180 orationis
643 1123 758 1200 partes
789 1117 947 1198 pertinet,
980 1117 1200 1200 prooemium
1232 1137 1278 1180 sc.

209 1225 442 1287 narrationem
468 1229 591 1307 praeter
614 1223 846 1306 partitionem.
895 1224 1045 1287 Maxime
1069 1224 1105 1287 in
1127 1243 1279 1308 conque-

209 1333 320 1395 stione
344 1338 377 1395 et
400 1331 637 1412 indignatione
662 1331 709 1393 fit.

300 1476 355 1552 IV,
379 1478 420 1537 27
445 1473 467 1557 ξ
491 1477 532 1537 37
560 1471 754 1556 Occupatio¹
778 1478 823 1536 est
841 1471 1005 1536 Μετάνοεαῦ
1029 1475 1082 1538 vel
1099 1475 1280 1557 poeniten-

210 1583 257 1645 tia
293 1581 420 1644 dicitur
455 1581 571 1660 latine,
596 1600 615 1643 a
640 1581 766 1643 Graecis
790 1588 934 1644 vocatur
957 1578 1148 1667 παρένθεσις,
1169 1583 1279 1646 unde:

211 1688 403 1770 Occupatio
436 1694 487 1750 est
520 1688 605 1766 eius
634 1688 728 1770 quod
753 1689 905 1751 maxime
929 1689 1090 1767 dicimus,
1114 1689 1279 1772 quaedam

210 1795 349 1859 dicendi
374 1795 617 1858 dissimulatio.
667 1796 728 1858 Vel
752 1795 816 1858 sic:
843 1796 1036 1878 Occupatio
1060 1802 1121 1875 est,
1143 1815 1226 1859 cum
1243 1797 1280 1859 in

210 1909 411 1966 transcursu
445 1902 577 1984 aliquid
612 1902 749 1981 dicitur,
780 1903 980 1965 simulando
1003 1909 1121 1966 tamen
1145 1923 1182 1966 se
1208 1925 1279 1967 non

209 2010 296 2072 illud
327 2010 449 2072 dicere.
497 2009 605 2072 Sicuti
638 2029 717 2072 cum
752 2009 902 2072 dicimus
936 2030 999 2073 nos
1029 2009 1162 2092 aliquid
1193 2031 1280 2099 praej-

211 2117 312 2181 terire
345 2123 378 2179 et
411 2115 499 2178 nihil
523 2116 567 2177 ad
593 2136 656 2178 nos
681 2118 862 2198 pertinere,
886 2117 1096 2179 declarando
1120 2117 1209 2180 illud
1234 2118 1281 2180 ad

210 2225 327 2307 ipsum
344 2230 462 2286 tamen
478 2223 623 2285 latenter
638 2224 809 2303 venimus,
827 2224 920 2287 unde
937 2223 1076 2286 dicitur:
1096 2225 1163 2286 lste
1180 2243 1280 2289 occu-

211 2331 307 2414 pavit
331 2350 397 2409 me,
421 2330 442 2394 i.
466 2349 493 2393 e.
519 2330 634 2393 subito
659 2331 840 2413 oppressit.
889 2333 931 2394 Et
954 2331 1050 2394 color
1072 2331 1135 2394 iste
1160 2337 1214 2394 est
1237 2332 1280 2395 de

211 2439 397 2502 verborum
432 2437 622 2500 ornatibus.
671 2438 710 2499 ln
745 2439 842 2500 omni
875 2439 984 2518 figura
1017 2439 1118 2517 valet,
1152 2457 1199 2501 sc.
1234 2439 1280 2502 ad

212 2545 512 2609 confirmationem
530 2551 562 2607 et
578 2545 729 2608 maxime
746 2545 790 2607 ad
808 2546 1113 2627 reprehensionem
1131 2545 1167 2607 in
1185 2564 1281 2609 com-

211 2653 381 2736 plexione.
430 2652 469 2713 ln
493 2652 599 2732 gravi,
623 2652 660 2713 in
685 2653 958 2715 demonstrativo
975 2658 1007 2714 et
1024 2651 1179 2714 iudiciali
1198 2672 1281 2717 con-

211 2761 305 2824 venit
339 2777 471 2840 genere,
507 2759 567 2821 sed
602 2759 752 2822 maxime
782 2760 817 2821 in
847 2759 988 2838 iudicio,
1013 2759 1095 2841 quia
1119 2760 1212 2823 ualet
1235 2761 1281 2824 ad

211 2866 447 2931 accusandum
486 2865 760 2948 quodammodo,
795 2867 856 2929 sed
892 2867 1046 2929 latenter.
1097 2867 1145 2936 ,ln
1182 2869 1282 2931 omni

211 2981 307 3057 parte
331 2973 497 3037 orationis
522 2979 634 3055 potest
657 2974 770 3036 valere
794 2980 827 3036 et
850 2974 1034 3036 convenire
1059 2979 1182 3055 praeter
1204 2994 1282 3058 par-

211 3083 380 3145 titionem.
429 3080 660 3143 Insinuationi
686 3082 837 3144 maxime
861 3081 1023 3143 convenit
1039 3100 1100 3162 per
1116 3080 1282 3144 dissimu-

211 3190 387 3253 lationem.

302 3333 358 3410 lV,
383 3335 423 3394 27
449 3330 471 3413 ξ
494 3335 535 3394 37
561 3331 753 3410 Disiunctio,
772 3331 857 3394 nlius
874 3331 1084 3394 disiunctum.
1110 3330 1283 3394 Διάλυτον3

213 3441 265 3502 vel
287 3438 455 3522 ὃιάζευγμα
476 3441 524 3518 fit,
542 3438 683 3521 quando
707 3439 822 3520 plures
839 3439 1004 3501 clausulae
1021 3438 1157 3501 diverso
1174 3440 1283 3503 verbo

212 3547 423 3609 clauduntur
446 3547 520 3609 sine
544 3547 679 3628 copula.
720 3546 915 3608 Disiunctio
940 3546 1031 3608 enim
1058 3551 1108 3607 est
1128 3545 1283 3609 diversa-

213 3674 290 3716 rum
315 3655 550 3716 clausularum
574 3653 709 3715 diversa
734 3653 919 3716 verborum
945 3652 1153 3715 terminatio.
1168 3691 1201 3697 -
1217 3690 1250 3698 -

820 3780 827 3787 .

214 3798 400 3804 ——.-..
693 3798 711 3802 -
958 3795 1283 3806 .--..----......-....

305 3872 315 3907 ¹
341 3877 514 3933 Occultatio
539 3877 690 3933 editiones,
739 3867 750 3903 2
776 3878 917 3932 Metania.
965 3871 977 3907 3
1002 3876 1141 3931 dialiton.
