2716 4254
644 162 821 223 ..40-

194 324 341 402 dolores,
378 323 474 384 nulla
506 323 658 405 pericula
689 322 839 402 evitavit,
862 328 901 410 ¹ut
925 327 1080 384 nostram
1104 340 1177 382 rem
1205 341 1268 405 pu-

197 430 324 493 blicam
350 429 394 491 ab
419 430 573 492 hostium
598 429 761 492 manibus
785 429 996 492 incolumem
1022 427 1193 490 liberaret.

285 573 310 652 l,
334 575 354 635 8
378 569 401 656 ξ
426 575 465 634 12
491 593 565 635 cum
591 572 788 655 exponimus
823 592 900 634 rem.
949 573 1040 634 Bene
1074 571 1158 633 dicit
1192 591 1269 634 rem

194 685 338 762 gestam,
367 680 534 760 quoniam
559 686 638 743 vera
663 679 814 741 narratio
839 669 880 740 de
905 678 1076 761 praeterito
1100 684 1161 759 est,
1187 678 1277 741 ideo·

194 786 367 849 iudicialis
404 793 454 849 est
486 788 636 870 propria,
661 806 874 868 quamquam
901 792 933 847 et
957 782 1110 848 iudiciali
1135 785 1268 869 impro-

194 893 268 977 prie
292 912 496 956 accusemus
521 894 722 973 defuturis,
748 899 784 955 ut
808 893 837 955 si
862 893 988 955 domus
1012 891 1116 955 ricini
1141 911 1270 956 casura

194 1007 283 1064 esset
313 1019 417 1083 super
449 1019 574 1081 meam,
604 1007 686 1063 tunc
710 1007 826 1083 posset
849 1000 934 1062 illud
960 998 1082 1062 deferri
1107 999 1152 1062 ad
1176 1000 1270 1063 iudi·

194 1128 262 1188 ces,
295 1115 474 1190 tamquam
506 1107 535 1169 si
560 1114 648 1170 esset
671 1097 811 1170 fautum.
860 1106 979 1170 Sedsi
1003 1107 1040 1168 in
1065 1106 1141 1169 aliis
1164 1125 1269 1188 gene-

195 1215 291 1278 ribus
308 1214 494 1296 contingat,
511 1215 668 1278 incidens
686 1222 736 1277 est
753 1221 784 1277 et
803 1215 840 1276 fit
857 1215 901 1277 ad
915 1213 1218 1299 confirmationem
1236 1221 1271 1278 et

194 1322 448 1403 tamquam=de
482 1322 652 1403 praeterito
685 1323 732 1384 fit.
781 1323 871 1384 Nam
900 1321 936 1383 in
971 1321 1271 1386 demonstratione

195 1449 266 1493 non
291 1435 403 1511 potest
426 1429 557 1509 eadere,
582 1429 750 1510 quoniam
775 1448 855 1491 vera
878 1429 954 1490 laus
978 1435 1029 1491 est
1053 1448 1166 1523 sermo
1183 1448 1270 1492 eum

195 1537 327 1598 honore
351 1555 465 1598 rerum
490 1541 673 1617 gestarum.
722 1535 931 1598 Deliberatio
955 1542 1071 1598 autem
1088 1535 1130 1598 de
1147 1534 1271 1600 futuro

195 1662 332 1724 semper
355 1649 406 1705 est
430 1649 462 1706 et
484 1649 629 1705 vocatur
660 1643 728 1706 hoc
760 1660 873 1724 genus.
901 1643 1039 1725 proprie
1072 1643 1270 1708 oratorium

196 1756 228 1812 et
252 1749 373 1813 ordine
398 1749 546 1813 naturali
571 1769 707 1832 semper
728 1756 860 1813 tractat.
1024 1757 1026 1762 '

286 1894 311 1973 Ι,
344 1895 364 1956 9
397 1890 485 1977 §15
521 1913 625 1975 neque
659 1888 767 1956 noue.l
825 1893 1024 1956 Secundum
1057 1894 1268 1958 sententiam

197 1999 390 2079 Octaviani,
426 2001 485 2081 qui
522 1999 676 2063 scribens
712 2000 756 2062 ad
792 2000 963 2081 quosdam
1000 2020 1082 2064 suos
1111 2010 1270 2084 nepotes,

196 2106 297 2169 iussit
321 2107 490 2169 novitates
515 2107 765 2170 vocabulorum
791 2125 859 2168 non
879 2126 977 2170 secus
994 2108 1173 2171 evitandas
1191 2129 1270 2173 esse

196 2233 303 2296 quam
338 2215 450 2277 solent
480 2214 642 2296 scopulos
667 2233 687 2276 a
712 2213 965 2295 navigantibus.
1022 2216 1132 2293 Quale
1166 2223 1271 2298 esset,

198 2320 226 2382 si
252 2321 418 2385 vellemus
435 2320 563 2384 dicere:
605 2321 758 2384 'Decreta
776 2328 916 2384 senatus
933 2322 1029 2385 nullo
1047 2321 1152 2386 modo
1170 2326 1268 2387 curo'

200 2434 232 2489 et
255 2428 463 2490 diceremus:
491 2428 613 2510 'dephe
630 2426 666 2512 (t)
683 2435 716 2491 et
739 2428 874 2510 gerusia
899 2448 1026 2510 susque
1043 2429 1153 2512 deque
1170 2429 1267 2494 fero'.

195 2533 286 2611 Quia
310 2534 422 2616 dephe
446 2535 617 2616 significat
640 2535 827 2614 decretum,
852 2536 987 2616 gerusia
1003 2543 1173 2617 senatum,
1190 2557 1268 2600 sus-

196 2660 262 2722 que
288 2641 398 2723 deque
423 2641 494 2704 fero
519 2642 661 2723 negligo.

286 2783 311 2862 Ι,
336 2785 356 2846 9
379 2781 402 2867 ξ
428 2785 468 2846 15
496 2804 536 2846 ne
560 2784 641 2866 quid
664 2789 807 2846 contorte
830 2792 862 2847 et
885 2786 1123 2850 immoderatis
1159 2792 1267 2850 meta·

195 2890 326 2972 phoris‚
351 2890 418 2953 hoc
442 2890 561 2953 modo:
611 2891 793 2955 ’Addidisti
818 2893 905 2955 milri
926 2894 1040 2956 verbis
1065 2893 1133 2956 tuis
1155 2886 1266 2975 quan-

197 2996 276 3058 dam
304 3016 461 3060 muscam
486 2997 530 3060 ad
555 2997 762 3079 legendum'3
789 3018 946 3063 muscam
970 3020 1033 3083 pro
1055 3000 1196 3062 stimulo
1214 2999 1266 3063 in·
1301 3007 1304 3013 '

197 3103 363 3184 telligens‚
388 3123 465 3185 quae
490 3106 601 3168 solent
625 3105 781 3168 mordere
805 3126 918 3169 canes,
943 3144 987 3152 —-
1010 3144 1053 3151 —
1076 3143 1120 3152 —

286 3211 311 3290 Ι,
335 3215 355 3272 9
379 3208 402 3295 ξ
428 3214 467 3274 16
493 3216 528 3273 ut
551 3216 682 3275 nutura.
732 3213 793 3274 Est
817 3220 930 3276 autem
957 3221 1080 3276 natura
1103 3213 1155 3275 vis
1173 3218 1266 3297 quae-

196 3317 277 3379 dam
302 3317 453 3398 ingenita
477 3318 537 3397 itti,
563 3318 604 3380 de
628 3339 698 3400 quo
722 3319 908 3402 loquimur,
932 3323 1000 3385 hoo
1024 3320 1143 3383 modo:
1189 3320 1266 3384 Cla-

197 3430 293 3485 mant
317 3423 479 3506 discipuli
503 3444 624 3487 omnes
649 3427 752 3489 hodie
778 3447 849 3489 non
874 3448 946 3490 esse
970 3427 1164 3509 legendum,
1180 3447 1266 3509 quo-

196 3530 291 3591 niam
325 3530 383 3593 hio
416 3530 489 3594 dies
522 3531 629 3595 festus
663 3533 707 3595 sit
739 3540 771 3595 et
804 3536 847 3597 ab
876 3535 1041 3597 omnibus
1066 3534 1267 3598 celebratur.

198 3637 326 3699 Pueros
351 3637 444 3700 enim
469 3658 590 3701 omnes
615 3640 659 3702 ab
684 3641 864 3703 laboribus
889 3642 1034 3704 libenter
1055 3661 1176 3704 vacare
1194 3661 1266 3705 ma·

218 3782 345 3788 --..----..-
349 3783 626 3789 ..ἠ-Ἦ..
632 3784 790 3792 -—-—-——
794 3787 1066 3793 -.--.——.-——

291 3852 301 3890 ¹
327 3874 365 3913 ne
390 3860 465 3931 quid
491 3876 571 3916 nove
596 3864 692 3917 textus
716 3866 857 3933 receptus.
