2716 4254
500 247 504 252 .
599 205 777 263 -51-

153 360 342 422 mationem
372 367 491 425 contra
516 362 794 424 adversariorum
820 363 989 426 rationem
1015 384 1093 426 cum
1121 366 1221 427 inter-

147 468 329 548 rogatione
353 467 511 550 prolatio.

243 611 299 689 IV,
325 613 365 672 15
389 608 411 693 ξ
432 613 473 672 22
499 631 565 672 non
598 610 798 672 omnis--
830 611 873 673 Et
897 613 1103 693 notandum,
1127 615 1220 696 quod

152 718 201 781 ait
224 736 295 779 non
317 737 457 780 omnem
475 717 776 798 interrogationem
796 739 869 781 esse
886 737 1037 799 gravem>
1054 721 1221 802 quoniam

151 822 303 887 excludit
327 823 611 906 interrogationes
636 827 794 907 vulgares
811 833 843 889 et
860 827 1012 909 poeticas
1028 865 1058 872 -·
1075 865 1107 871 -
1133 829 1222 891 Nam

150 931 372 1012 interrogatio
412 933 583 996 rhetorica
623 940 673 995 est
712 934 868 997 collectio
905 935 1080 997 rationum
1117 956 1223 1018 supra

150 1039 335 1117 dictarum,
359 1059 420 1120 per
450 1060 537 1122 quas
572 1040 704 1122 aliquid
733 1047 851 1103 contra
879 1041 1116 1104 adversarium
1142 1063 1222 1106 con-

150 1145 318 1208 cluditur

241 1290 296 1368 lv,
315 1292 356 1352 16
379 1287 459 1372 §23
485 1289 704 1353 Ratiocinatio
728 1296 780 1353 est.
819 1290 953 1353 Die-itur
977 1291 1224 1377 συλλογισμός.1

153 1396 255 1458 Color
287 1396 381 1459 enim
415 1397 477 1459 iste
509 1397 662 1460 diltieilis
692 1405 743 1461 est
766 1399 810 1460 ad
836 1398 1034 1461 faciendum
1061 1400 1225 1462 attrahit

152 1522 279 1566 nomen
308 1523 349 1566 ex
373 1504 449 1586 ipsa
473 1524 520 1577 re,
544 1505 626 1587 quia
651 1511 702 1567 est
725 1505 947 1586 interrogatio
972 1513 1004 1569 et
1029 1507 1221 1590 responsio,

150 1611 381 1674 Ratiocinatio
412 1611 504 1674 enim
536 1619 586 1674 est
616 1612 773 1692 rationis,
805 1634 882 1695 quse
907 1633 926 1676 a
952 1613 1054 1676 nobis
1084 1615 1223 1697 petitur,

148 1717 295 1780 anobis
330 1719 415 1801 ipsis
449 1719 612 1794 redditio;
647 1720 789 1801 quando
818 1740 864 1783 sc.
891 1721 933 1783 de
962 1721 1091 1804 aliquo,
1116 1741 1222 1803 quare

149 1825 196 1887 ita
225 1825 280 1905 sit,
304 1825 514 1915 inquirimus
539 1833 571 1889 et
596 1826 675 1889 inde
700 1828 869 1890 rationem
896 1848 959 1891 nos
985 1828 1053 1910 ipsi
1078 1828 1221 1890 subiun-

148 1949 272 2013 grmus.

238 2077 294 2155 lV,
314 2080 353 2140 16
377 2075 457 2160 §23
488 2097 548 2159 per
581 2097 683 2159 quam
713 2079 769 2139 &a
818 2077 860 2139 Et
889 2082 940 2139 est
971 2076 1219 2139 accomodatus

146 2184 211 2246 iste
235 2183 330 2247 color
354 2184 627 2247 demonstrativo
652 2192 684 2247 et
709 2184 936 2247 deliberativo
960 2184 1077 2265 generi
1094 2180 1233 2263 causae,¹

146 2290 207 2353 sed
231 2291 404 2374 praecipue
428 2291 701 2355 demonstrativo
719 2298 751 2354 et
768 2291 1020 2354 confirmativo.
1047 2292 1089 2353 Et
1106 2311 1217 2373 repre-

145 2397 315 2461 hensione
339 2405 451 2481 potest
475 2399 536 2477 uti,
562 2400 597 2461 in
623 2399 788 2462 mediocri
813 2400 923 2478 ligura
948 2397 1099 2460 maxime
1125 2378 1157 2460 et
1181 2399 1217 2460 in

144 2505 282 2584 humili,
307 2506 366 2568 sed
392 2526 461 2568 non
487 2507 522 2567 in
548 2508 626 2568 alta.
675 2507 730 2568 Sic
752 2505 930 2568 desinitur:
950 2507 1033 2568 Post
1049 2504 1217 2583 crebram,

143 2632 206 2675 cur
229 2612 505 2696 unumquodque
523 2613 757 2692 dixerimus,a
774 2612 875 2675 nohis
892 2613 1096 2694 petitionem
1114 2612 1215 2674 ratio-

143 2720 198 2782 nis
223 2720 392 2783 subiectio
416 2721 460 2782 ad
486 2721 759 2802 uniuscuiusque
785 2720 1075 2802 explanationem.

235 2864 291 2943 lv,
310 2867 350 2927 16
367 2861 442 2946 §24
460 2864 540 2925 Hac
553 2863 726 2925 exornatio
748 2901 780 2906 -
800 2900 832 2905 —
846 2900 879 2905 —
898 2864 937 2925 lu
951 2862 1215 2924 confirmatione

142 2977 177 3034 et
200 2971 343 3053 epilogis
368 2977 401 3033 et
425 2970 482 3033 hic
507 2977 539 3032 et
563 2970 721 3052 superior
746 2969 896 3031 maxime
920 2969 1046 3032 valent.

233 3114 289 3190 lV,
309 3117 347 3176 17
372 3111 453 3195 §24
482 3112 647 3176 Sententia
672 3117 716 3174 est
741 3112 856 3174 oralia.
906 3114 956 3175 Ex
981 3113 1047 3175 hoc
1072 3112 1214 3176 nomine

141 3221 237 3284 color
260 3221 510 3284 sententiarum
534 3220 779 3299 videturesse,
804 3220 864 3282 sed
890 3239 959 3282 non
983 3226 1043 3298 est,
1062 3220 1144 3302 quia
1161 3220 1213 3281 vis

140 3328 266 3392 coloris
291 3329 327 3390 in
352 3328 478 3405 verbis,
496 3347 566 3390 non
584 3327 620 3389 in
638 3327 816 3390 sententiis
834 3326 1083 3389 consideratur.
1110 3326 1212 3403 Quod

140 3455 181 3499 ex
206 3436 408 3499 definitione
434 3441 538 3518 patet,
562 3435 644 3517 quia
669 3434 838 3496 sententia
863 3441 914 3496 est
938 3434 1049 3496 oratio
1073 3449 1212 3513 genera-

139 3543 182 3605 lis
207 3563 384 3606 summam
408 3543 555 3606 alicuius
580 3542 785 3605 moralitatis
807 3541 970 3603 brevibus
988 3539 1102 3603 verbis
1119 3559 1212 3602 eom-

138 3651 369 3733 prehendens.
418 3651 462 3713 Et
494 3650 544 3712 sic
577 3648 746 3712 sententia
777 3647 925 3710 breviter
953 3652 986 3710 et
1009 3646 1213 3727 generaliter

231 3901 241 3939 ¹
266 3907 467 3980 sillogismus.
