<?xml version="1.0" encoding="UTF-8"?>
<!DOCTYPE html PUBLIC "-//W3C//DTD XHTML 1.0 Transitional//EN"
    "http://www.w3.org/TR/xhtml1/DTD/xhtml1-transitional.dtd">
<html xmlns="http://www.w3.org/1999/xhtml" xml:lang="en" lang="en">
 <head>
  <title>
</title>
<meta http-equiv="Content-Type" content="text/html;charset=utf-8" />
  <meta name='ocr-system' content='tesseract 3.04.00' />
  <meta name='ocr-capabilities' content='ocr_page ocr_carea ocr_par ocr_line ocrx_word'/>
</head>
<body>
  <div class='ocr_page' id='page_1' title='image "./descholiisrheto00poulgoog_0075.png"; bbox 0 0 2716 4254; ppageno 0'>
   <div class='ocr_carea' id='block_1_1' title="bbox 627 154 777 214">
    <p class='ocr_par' dir='ltr' id='par_1_1' title="bbox 627 154 777 214">
     <span class='ocr_line' id='line_1_1' title="bbox 627 154 777 214; baseline 0.007 -1"><span class='ocrx_word' id='word_1_1' title='bbox 627 154 777 214; x_wconf 71' lang='lat' dir='ltr'>-lttt-</span> 
     </span>
    </p>
   </div>
   <div class='ocr_carea' id='block_1_2' title="bbox 148 310 1235 615">
    <p class='ocr_par' dir='ltr' id='par_1_2' title="bbox 148 310 1235 615">
     <span class='ocr_line' id='line_1_2' title="bbox 148 310 1234 401; baseline -0.004 -19"><span class='ocrx_word' id='word_1_2' title='bbox 148 316 382 401; x_wconf 84' lang='lat' dir='ltr'>&lt;0&gt;rationem</span> <span class='ocrx_word' id='word_1_3' title='bbox 432 314 530 376; x_wconf 81' lang='lat' dir='ltr'>Velut</span> <span class='ocrx_word' id='word_1_4' title='bbox 555 312 702 376; x_wconf 80' lang='lat' dir='ltr'>Ovidius</span> <span class='ocrx_word' id='word_1_5' title='bbox 720 311 754 374; x_wconf 88' lang='lat' dir='ltr'>in</span> <span class='ocrx_word' id='word_1_6' title='bbox 772 310 862 375; x_wconf 85' lang='lat' dir='ltr'>libro</span> <span class='ocrx_word' id='word_1_7' title='bbox 878 314 1234 398; x_wconf 86' lang='lat' dir='ltr'>metamorphoseon,</span> 
     </span>
     <span class='ocr_line' id='line_1_3' title="bbox 151 417 1235 506; baseline -0.002 -18"><span class='ocrx_word' id='word_1_8' title='bbox 151 425 185 488; x_wconf 92' lang='lat' dir='ltr'>in</span> <span class='ocrx_word' id='word_1_9' title='bbox 217 424 276 487; x_wconf 94' lang='lat' dir='ltr'>illo</span> <span class='ocrx_word' id='word_1_10' title='bbox 300 422 389 487; x_wconf 84' lang='lat' dir='ltr'>sicut</span> <span class='ocrx_word' id='word_1_11' title='bbox 412 427 462 484; x_wconf 91' lang='lat' dir='ltr'>est</span> <span class='ocrx_word' id='word_1_12' title='bbox 487 437 634 502; x_wconf 83' lang='lat' dir='ltr'>magnus</span> <span class='ocrx_word' id='word_1_13' title='bbox 660 417 706 504; x_wconf 88' lang='lat' dir='ltr'>[in</span> <span class='ocrx_word' id='word_1_14' title='bbox 730 417 904 501; x_wconf 90' lang='lat' dir='ltr'>principio</span> <span class='ocrx_word' id='word_1_15' title='bbox 928 418 1017 483; x_wconf 86' lang='lat' dir='ltr'>libri</span> <span class='ocrx_word' id='word_1_16' title='bbox 1042 418 1144 506; x_wconf 80' lang='lat' dir='ltr'>sunt]</span> <span class='ocrx_word' id='word_1_17' title='bbox 1169 442 1235 486; x_wconf 90' lang='lat' dir='ltr'>nou</span> 
     </span>
     <span class='ocr_line' id='line_1_4' title="bbox 152 526 1173 615; baseline -0.001 -21"><span class='ocrx_word' id='word_1_18' title='bbox 152 531 267 615; x_wconf 86' lang='lat' dir='ltr'>posuit</span> <span class='ocrx_word' id='word_1_19' title='bbox 292 528 358 593; x_wconf 89' lang='lat' dir='ltr'>nisi</span> <span class='ocrx_word' id='word_1_20' title='bbox 383 528 489 591; x_wconf 86' lang='lat' dir='ltr'>semel</span> <span class='ocrx_word' id='word_1_21' title='bbox 515 526 800 602; x_wconf 81' lang='lat' dir='ltr'>nominationem,</span> <span class='ocrx_word' id='word_1_22' title='bbox 817 545 863 589; x_wconf 85' lang='lat' dir='ltr'>se.</span> <span class='ocrx_word' id='word_1_23' title='bbox 885 526 1173 611; x_wconf 83' lang='lat' dir='ltr'>gemelliparae.¹</span> 
     </span>
    </p>
   </div>
   <div class='ocr_carea' id='block_1_3' title="bbox 149 685 1232 1095">
    <p class='ocr_par' dir='ltr' id='par_1_3' title="bbox 149 685 1232 1095">
     <span class='ocr_line' id='line_1_5' title="bbox 240 685 1232 773; baseline 0.001 -20"><span class='ocrx_word' id='word_1_24' title='bbox 240 691 295 770; x_wconf 85' lang='lat' dir='ltr'>ll&#39;,</span> <span class='ocrx_word' id='word_1_25' title='bbox 319 692 359 754; x_wconf 82' lang='grc'>31</span> <span class='ocrx_word' id='word_1_26' title='bbox 385 690 409 773; x_wconf 54' lang='grc' dir='ltr'>ᾖ</span> <span class='ocrx_word' id='word_1_27' title='bbox 431 690 473 751; x_wconf 85' lang='grc'>42</span> <span class='ocrx_word' id='word_1_28' title='bbox 498 687 611 751; x_wconf 78' lang='lat' dir='ltr'>odiunt</span> <span class='ocrx_word' id='word_1_29' title='bbox 639 685 762 770; x_wconf 83' lang='lat' dir='ltr'>pariat.</span> <span class='ocrx_word' id='word_1_30' title='bbox 810 686 920 750; x_wconf 85' lang='lat' dir='ltr'>Docet</span> <span class='ocrx_word' id='word_1_31' title='bbox 942 687 1043 752; x_wconf 89' lang='lat' dir='ltr'>enim</span> <span class='ocrx_word' id='word_1_32' title='bbox 1069 689 1232 754; x_wconf 84' lang='lat' dir='ltr'>Octavia·</span> 
     </span>
     <span class='ocr_line' id='line_1_6' title="bbox 151 793 1230 875; baseline -0.001 -12"><span class='ocrx_word' id='word_1_33' title='bbox 151 795 243 875; x_wconf 76' lang='lat' dir='ltr'>nus,²</span> <span class='ocrx_word' id='word_1_34' title='bbox 278 803 315 861; x_wconf 92' lang='lat' dir='ltr'>ut</span> <span class='ocrx_word' id='word_1_35' title='bbox 350 796 398 860; x_wconf 90' lang='lat' dir='ltr'>ait</span> <span class='ocrx_word' id='word_1_36' title='bbox 433 795 630 875; x_wconf 83' lang='lat' dir='ltr'>Suetonius,</span> <span class='ocrx_word' id='word_1_37' title='bbox 659 793 800 858; x_wconf 88' lang='lat' dir='ltr'>vitanda</span> <span class='ocrx_word' id='word_1_38' title='bbox 824 812 899 857; x_wconf 83' lang='lat' dir='ltr'>esse</span> <span class='ocrx_word' id='word_1_39' title='bbox 922 813 1020 859; x_wconf 86' lang='lat' dir='ltr'>nova</span> <span class='ocrx_word' id='word_1_40' title='bbox 1044 797 1230 873; x_wconf 88' lang='lat' dir='ltr'>voeabula,</span> 
     </span>
     <span class='ocr_line' id='line_1_7' title="bbox 149 899 1226 987; baseline 0 -18"><span class='ocrx_word' id='word_1_41' title='bbox 149 907 237 969; x_wconf 89' lang='lat' dir='ltr'>sieut</span> <span class='ocrx_word' id='word_1_42' title='bbox 254 903 387 987; x_wconf 87' lang='lat' dir='ltr'>scopuli</span> <span class='ocrx_word' id='word_1_43' title='bbox 406 902 660 984; x_wconf 78' lang='lat' dir='ltr'>navigantibus.</span> <span class='ocrx_word' id='word_1_44' title='bbox 696 899 800 980; x_wconf 85' lang='lat' dir='ltr'>Quod</span> <span class='ocrx_word' id='word_1_45' title='bbox 816 907 937 965; x_wconf 86' lang='lat' dir='ltr'>contra</span> <span class='ocrx_word' id='word_1_46' title='bbox 952 901 1097 969; x_wconf 86' lang='lat' dir='ltr'>faciunt</span> <span class='ocrx_word' id='word_1_47' title='bbox 1111 905 1226 982; x_wconf 83' lang='lat' dir='ltr'>Graeei,</span> 
     </span>
     <span class='ocr_line' id='line_1_8' title="bbox 149 1007 1062 1095; baseline 0 -19"><span class='ocrx_word' id='word_1_48' title='bbox 149 1015 182 1076; x_wconf 92' lang='lat' dir='ltr'>in</span> <span class='ocrx_word' id='word_1_49' title='bbox 209 1012 337 1095; x_wconf 86' lang='lat' dir='ltr'>quihus</span> <span class='ocrx_word' id='word_1_50' title='bbox 361 1030 452 1074; x_wconf 75' lang='lat' dir='ltr'>nora</span> <span class='ocrx_word' id='word_1_51' title='bbox 476 1008 647 1074; x_wconf 82' lang='lat' dir='ltr'>vocabula</span> <span class='ocrx_word' id='word_1_52' title='bbox 671 1014 752 1071; x_wconf 91' lang='lat' dir='ltr'>sunt</span> <span class='ocrx_word' id='word_1_53' title='bbox 776 1007 1062 1090; x_wconf 82' lang='lat' dir='ltr'>intelligibiliora.</span> 
     </span>
    </p>
   </div>
   <div class='ocr_carea' id='block_1_4' title="bbox 134 1168 1224 3613">
    <p class='ocr_par' dir='ltr' id='par_1_4' title="bbox 134 1168 1224 3613">
     <span class='ocr_line' id='line_1_9' title="bbox 238 1168 1224 1250; baseline 0.001 -14"><span class='ocrx_word' id='word_1_54' title='bbox 238 1174 291 1250; x_wconf 86' lang='lat' dir='ltr'>lV,</span> <span class='ocrx_word' id='word_1_55' title='bbox 316 1176 354 1236; x_wconf 88' lang='lat'>31</span> <span class='ocrx_word' id='word_1_56' title='bbox 382 1174 402 1248; x_wconf 59' lang='grc' dir='ltr'>ᾗ</span> <span class='ocrx_word' id='word_1_57' title='bbox 427 1172 469 1235; x_wconf 82' lang='lat'>42</span> <span class='ocrx_word' id='word_1_58' title='bbox 494 1168 745 1235; x_wconf 82' lang='lat' dir='ltr'>Pronomiuotio</span> <span class='ocrx_word' id='word_1_59' title='bbox 768 1174 822 1233; x_wconf 86' lang='lat' dir='ltr'>est.</span> <span class='ocrx_word' id='word_1_60' title='bbox 859 1169 975 1233; x_wconf 85' lang='lat' dir='ltr'>Graeee</span> <span class='ocrx_word' id='word_1_61' title='bbox 992 1169 1130 1236; x_wconf 89' lang='lat' dir='ltr'>dicitur</span> <span class='ocrx_word' id='word_1_62' title='bbox 1146 1173 1224 1237; x_wconf 72' lang='lat' dir='ltr'>uno</span> 
     </span>
     <span class='ocr_line' id='line_1_10' title="bbox 146 1275 1221 1365; baseline 0 -20"><span class='ocrx_word' id='word_1_63' title='bbox 146 1278 283 1365; x_wconf 78' lang='lat' dir='ltr'>vopuot&#39;u,</span> <span class='ocrx_word' id='word_1_64' title='bbox 317 1281 383 1343; x_wconf 84' lang='lat' dir='ltr'>hoc</span> <span class='ocrx_word' id='word_1_65' title='bbox 416 1285 467 1343; x_wconf 89' lang='lat' dir='ltr'>est</span> <span class='ocrx_word' id='word_1_66' title='bbox 501 1297 629 1342; x_wconf 91' lang='lat' dir='ltr'>nomen</span> <span class='ocrx_word' id='word_1_67' title='bbox 663 1296 726 1362; x_wconf 90' lang='lat' dir='ltr'>pro</span> <span class='ocrx_word' id='word_1_68' title='bbox 750 1275 916 1340; x_wconf 83' lang='lat' dir='ltr'>nomine·</span> <span class='ocrx_word' id='word_1_69' title='bbox 950 1277 1004 1341; x_wconf 88' lang='lat' dir='ltr'>Ex</span> <span class='ocrx_word' id='word_1_70' title='bbox 1029 1297 1067 1343; x_wconf 90' lang='lat' dir='ltr'>re</span> <span class='ocrx_word' id='word_1_71' title='bbox 1093 1300 1221 1344; x_wconf 91' lang='lat' dir='ltr'>nomen</span> 
     </span>
     <span class='ocr_line' id='line_1_11' title="bbox 147 1383 1221 1468; baseline 0.001 -17"><span class='ocrx_word' id='word_1_72' title='bbox 147 1389 260 1451; x_wconf 85' lang='lat' dir='ltr'>habet.</span> <span class='ocrx_word' id='word_1_73' title='bbox 309 1385 364 1450; x_wconf 88' lang='lat' dir='ltr'>Sie</span> <span class='ocrx_word' id='word_1_74' title='bbox 388 1384 607 1449; x_wconf 82' lang='lat' dir='ltr'>describitur:</span> <span class='ocrx_word' id='word_1_75' title='bbox 656 1383 918 1449; x_wconf 88' lang='lat' dir='ltr'>Pronominatio</span> <span class='ocrx_word' id='word_1_76' title='bbox 943 1390 994 1447; x_wconf 90' lang='lat' dir='ltr'>est</span> <span class='ocrx_word' id='word_1_77' title='bbox 1019 1405 1086 1468; x_wconf 93' lang='lat' dir='ltr'>pro</span> <span class='ocrx_word' id='word_1_78' title='bbox 1105 1406 1148 1452; x_wconf 94' lang='lat' dir='ltr'>eo</span> <span class='ocrx_word' id='word_1_79' title='bbox 1165 1407 1221 1451; x_wconf 91' lang='lat' dir='ltr'>no-</span> 
     </span>
     <span class='ocr_line' id='line_1_12' title="bbox 148 1488 1220 1580; baseline 0.001 -22"><span class='ocrx_word' id='word_1_80' title='bbox 148 1495 251 1574; x_wconf 91' lang='lat' dir='ltr'>mine,</span> <span class='ocrx_word' id='word_1_81' title='bbox 275 1494 369 1579; x_wconf 91' lang='lat' dir='ltr'>quod</span> <span class='ocrx_word' id='word_1_82' title='bbox 385 1491 552 1576; x_wconf 87' lang='lat' dir='ltr'>displicet,</span> <span class='ocrx_word' id='word_1_83' title='bbox 569 1492 654 1572; x_wconf 89' lang='lat' dir='ltr'>eius,</span> <span class='ocrx_word' id='word_1_84' title='bbox 672 1491 766 1575; x_wconf 87' lang='lat' dir='ltr'>quod</span> <span class='ocrx_word' id='word_1_85' title='bbox 782 1491 894 1573; x_wconf 83' lang='lat' dir='ltr'>placet</span> <span class='ocrx_word' id='word_1_86' title='bbox 910 1488 974 1574; x_wconf 84' lang='lat' dir='ltr'>(vel</span> <span class='ocrx_word' id='word_1_87' title='bbox 991 1511 1010 1555; x_wconf 96' lang='lat' dir='ltr'>e</span> <span class='ocrx_word' id='word_1_88' title='bbox 1027 1492 1220 1580; x_wconf 87' lang='lat' dir='ltr'>converso),</span> 
     </span>
     <span class='ocr_line' id='line_1_13' title="bbox 146 1599 1220 1685; baseline 0 -20"><span class='ocrx_word' id='word_1_89' title='bbox 146 1601 284 1685; x_wconf 91' lang='lat' dir='ltr'>positio,</span> <span class='ocrx_word' id='word_1_90' title='bbox 309 1602 329 1664; x_wconf 90' lang='lat' dir='ltr'>i.</span> <span class='ocrx_word' id='word_1_91' title='bbox 355 1621 383 1664; x_wconf 91' lang='lat' dir='ltr'>e.</span> <span class='ocrx_word' id='word_1_92' title='bbox 408 1599 569 1664; x_wconf 84' lang='lat' dir='ltr'>vocabuli</span> <span class='ocrx_word' id='word_1_93' title='bbox 604 1599 759 1663; x_wconf 88' lang='lat' dir='ltr'>mutatio.</span> <span class='ocrx_word' id='word_1_94' title='bbox 785 1634 828 1644; x_wconf 92' lang='lat'>—-</span> <span class='ocrx_word' id='word_1_95' title='bbox 852 1633 896 1643; x_wconf 92' lang='lat'><strong>—</strong></span> <span class='ocrx_word' id='word_1_96' title='bbox 919 1635 962 1644; x_wconf 86' lang='lat'>—·</span> <span class='ocrx_word' id='word_1_97' title='bbox 987 1599 1220 1667; x_wconf 89' lang='lat' dir='ltr'>Pronomina-</span> 
     </span>
     <span class='ocr_line' id='line_1_14' title="bbox 144 1706 1220 1789; baseline 0.002 -17"><span class='ocrx_word' id='word_1_98' title='bbox 144 1710 192 1772; x_wconf 92' lang='lat' dir='ltr'>lio</span> <span class='ocrx_word' id='word_1_99' title='bbox 226 1714 286 1789; x_wconf 88' lang='lat' dir='ltr'>est,</span> <span class='ocrx_word' id='word_1_100' title='bbox 310 1727 390 1771; x_wconf 90' lang='lat' dir='ltr'>eum</span> <span class='ocrx_word' id='word_1_101' title='bbox 420 1706 562 1789; x_wconf 86' lang='lat' dir='ltr'>aliquod</span> <span class='ocrx_word' id='word_1_102' title='bbox 591 1713 791 1769; x_wconf 85' lang='lat' dir='ltr'>extraneum</span> <span class='ocrx_word' id='word_1_103' title='bbox 822 1724 950 1769; x_wconf 91' lang='lat' dir='ltr'>nomen</span> <span class='ocrx_word' id='word_1_104' title='bbox 975 1725 1039 1788; x_wconf 90' lang='lat' dir='ltr'>pro</span> <span class='ocrx_word' id='word_1_105' title='bbox 1063 1708 1138 1773; x_wconf 91' lang='lat' dir='ltr'>alio</span> <span class='ocrx_word' id='word_1_106' title='bbox 1155 1728 1220 1773; x_wconf 87' lang='lat' dir='ltr'>no·</span> 
     </span>
     <span class='ocr_line' id='line_1_15' title="bbox 146 1812 1220 1898; baseline 0.001 -19"><span class='ocrx_word' id='word_1_107' title='bbox 146 1816 239 1880; x_wconf 90' lang='lat' dir='ltr'>mine</span> <span class='ocrx_word' id='word_1_108' title='bbox 263 1816 413 1898; x_wconf 88' lang='lat' dir='ltr'>ponitur,</span> <span class='ocrx_word' id='word_1_109' title='bbox 438 1813 526 1877; x_wconf 92' lang='lat' dir='ltr'>sicut</span> <span class='ocrx_word' id='word_1_110' title='bbox 550 1831 752 1895; x_wconf 82' lang='lat' dir='ltr'>cognomen.</span> <span class='ocrx_word' id='word_1_111' title='bbox 801 1812 1000 1895; x_wconf 86' lang='lat' dir='ltr'>Cognomen</span> <span class='ocrx_word' id='word_1_112' title='bbox 1017 1814 1117 1878; x_wconf 92' lang='lat' dir='ltr'>euim</span> <span class='ocrx_word' id='word_1_113' title='bbox 1135 1815 1220 1881; x_wconf 90' lang='lat' dir='ltr'>bene</span> 
     </span>
     <span class='ocr_line' id='line_1_16' title="bbox 145 1920 1219 2007; baseline 0 -20"><span class='ocrx_word' id='word_1_114' title='bbox 145 1923 286 2007; x_wconf 92' lang='lat' dir='ltr'>ponitur</span> <span class='ocrx_word' id='word_1_115' title='bbox 319 1942 380 2005; x_wconf 88' lang='lat' dir='ltr'>pro</span> <span class='ocrx_word' id='word_1_116' title='bbox 414 1921 565 1985; x_wconf 89' lang='lat' dir='ltr'>nomine.</span> <span class='ocrx_word' id='word_1_117' title='bbox 614 1920 665 1983; x_wconf 85' lang='lat' dir='ltr'>lta</span> <span class='ocrx_word' id='word_1_118' title='bbox 698 1939 827 1984; x_wconf 90' lang='lat' dir='ltr'>nomen</span> <span class='ocrx_word' id='word_1_119' title='bbox 860 1920 956 1984; x_wconf 86' lang='lat' dir='ltr'>aliud</span> <span class='ocrx_word' id='word_1_120' title='bbox 984 1940 1049 2003; x_wconf 93' lang='lat' dir='ltr'>pro</span> <span class='ocrx_word' id='word_1_121' title='bbox 1074 1923 1219 1987; x_wconf 91' lang='lat' dir='ltr'>nomine</span> 
     </span>
     <span class='ocr_line' id='line_1_17' title="bbox 144 2027 1218 2112; baseline 0.002 -18"><span class='ocrx_word' id='word_1_122' title='bbox 144 2031 203 2109; x_wconf 90' lang='lat' dir='ltr'>rei,</span> <span class='ocrx_word' id='word_1_123' title='bbox 227 2029 369 2112; x_wconf 87' lang='lat' dir='ltr'>quando</span> <span class='ocrx_word' id='word_1_124' title='bbox 393 2048 446 2093; x_wconf 89' lang='lat' dir='ltr'>res</span> <span class='ocrx_word' id='word_1_125' title='bbox 471 2048 539 2091; x_wconf 92' lang='lat' dir='ltr'>non</span> <span class='ocrx_word' id='word_1_126' title='bbox 565 2027 669 2090; x_wconf 90' lang='lat' dir='ltr'>habet</span> <span class='ocrx_word' id='word_1_127' title='bbox 688 2027 854 2091; x_wconf 91' lang='lat' dir='ltr'>idoneum</span> <span class='ocrx_word' id='word_1_128' title='bbox 872 2046 1010 2092; x_wconf 90' lang='lat' dir='ltr'>nomen.</span> <span class='ocrx_word' id='word_1_129' title='bbox 1045 2027 1218 2096; x_wconf 86' lang='lat' dir='ltr'>Idoneum</span> 
     </span>
     <span class='ocr_line' id='line_1_18' title="bbox 143 2134 1218 2221; baseline 0.002 -21"><span class='ocrx_word' id='word_1_130' title='bbox 143 2138 303 2216; x_wconf 84' lang='lat' dir='ltr'>dicimus,</span> <span class='ocrx_word' id='word_1_131' title='bbox 339 2142 508 2218; x_wconf 86' lang='lat' dir='ltr'>quantum</span> <span class='ocrx_word' id='word_1_132' title='bbox 539 2135 582 2198; x_wconf 92' lang='lat' dir='ltr'>ad</span> <span class='ocrx_word' id='word_1_133' title='bbox 613 2134 789 2217; x_wconf 85' lang='lat' dir='ltr'>negotium</span> <span class='ocrx_word' id='word_1_134' title='bbox 823 2135 978 2198; x_wconf 89' lang='lat' dir='ltr'>oratoris.</span> <span class='ocrx_word' id='word_1_135' title='bbox 1028 2135 1063 2199; x_wconf 90' lang='lat' dir='ltr'>Si</span> <span class='ocrx_word' id='word_1_136' title='bbox 1089 2137 1218 2221; x_wconf 87' lang='lat' dir='ltr'>aliquis</span> 
     </span>
     <span class='ocr_line' id='line_1_19' title="bbox 145 2241 1217 2325; baseline 0.004 -18"><span class='ocrx_word' id='word_1_137' title='bbox 145 2243 216 2307; x_wconf 84' lang='lat' dir='ltr'>vult</span> <span class='ocrx_word' id='word_1_138' title='bbox 251 2242 392 2306; x_wconf 90' lang='lat' dir='ltr'>laudare</span> <span class='ocrx_word' id='word_1_139' title='bbox 416 2262 600 2325; x_wconf 84' lang='lat' dir='ltr'>personam</span> <span class='ocrx_word' id='word_1_140' title='bbox 624 2242 811 2306; x_wconf 86' lang='lat' dir='ltr'>habentem</span> <span class='ocrx_word' id='word_1_141' title='bbox 835 2261 963 2306; x_wconf 91' lang='lat' dir='ltr'>nomen</span> <span class='ocrx_word' id='word_1_142' title='bbox 988 2241 1217 2310; x_wconf 86' lang='lat' dir='ltr'>inhonestum</span> 
     </span>
     <span class='ocr_line' id='line_1_20' title="bbox 144 2349 1216 2432; baseline 0.004 -19"><span class='ocrx_word' id='word_1_143' title='bbox 144 2370 203 2413; x_wconf 90' lang='lat' dir='ltr'>seu</span> <span class='ocrx_word' id='word_1_144' title='bbox 229 2350 466 2427; x_wconf 87' lang='lat' dir='ltr'>inhonestatis,</span> <span class='ocrx_word' id='word_1_145' title='bbox 489 2355 599 2412; x_wconf 89' lang='lat' dir='ltr'>mutat</span> <span class='ocrx_word' id='word_1_146' title='bbox 615 2349 700 2412; x_wconf 92' lang='lat' dir='ltr'>illud</span> <span class='ocrx_word' id='word_1_147' title='bbox 718 2368 874 2432; x_wconf 76' lang='lat' dir='ltr'>personae</span> <span class='ocrx_word' id='word_1_148' title='bbox 891 2349 1115 2429; x_wconf 83' lang='lat' dir='ltr'>conveniens,</span> <span class='ocrx_word' id='word_1_149' title='bbox 1132 2353 1216 2417; x_wconf 91' lang='lat' dir='ltr'>dum</span> 
     </span>
     <span class='ocr_line' id='line_1_21' title="bbox 134 2446 1217 2541; baseline 0.004 -22"><span class='ocrx_word' id='word_1_150' title='bbox 134 2446 215 2520; x_wconf 76' lang='lat' dir='ltr'>¹uult</span> <span class='ocrx_word' id='word_1_151' title='bbox 250 2458 292 2521; x_wconf 92' lang='lat' dir='ltr'>de</span> <span class='ocrx_word' id='word_1_152' title='bbox 327 2458 386 2521; x_wconf 91' lang='lat' dir='ltr'>illa</span> <span class='ocrx_word' id='word_1_153' title='bbox 419 2476 526 2541; x_wconf 85' lang='lat' dir='ltr'>agere.</span> <span class='ocrx_word' id='word_1_154' title='bbox 575 2455 739 2520; x_wconf 87' lang='lat' dir='ltr'>Similiter</span> <span class='ocrx_word' id='word_1_155' title='bbox 773 2457 802 2520; x_wconf 88' lang='lat' dir='ltr'>si</span> <span class='ocrx_word' id='word_1_156' title='bbox 838 2457 912 2519; x_wconf 89' lang='lat' dir='ltr'>vult</span> <span class='ocrx_word' id='word_1_157' title='bbox 952 2457 1151 2540; x_wconf 86' lang='lat' dir='ltr'>vituperare</span> <span class='ocrx_word' id='word_1_158' title='bbox 1186 2467 1217 2523; x_wconf 93' lang='lat' dir='ltr'>et</span> 
     </span>
     <span class='ocr_line' id='line_1_22' title="bbox 143 2563 1216 2645; baseline 0.003 -17"><span class='ocrx_word' id='word_1_159' title='bbox 143 2565 247 2628; x_wconf 89' lang='lat' dir='ltr'>habet</span> <span class='ocrx_word' id='word_1_160' title='bbox 283 2584 411 2628; x_wconf 89' lang='lat' dir='ltr'>nomen</span> <span class='ocrx_word' id='word_1_161' title='bbox 448 2566 646 2645; x_wconf 89' lang='lat' dir='ltr'>honestum,</span> <span class='ocrx_word' id='word_1_162' title='bbox 671 2569 782 2626; x_wconf 89' lang='lat' dir='ltr'>mutat</span> <span class='ocrx_word' id='word_1_163' title='bbox 805 2563 891 2627; x_wconf 92' lang='lat' dir='ltr'>illud</span> <span class='ocrx_word' id='word_1_164' title='bbox 916 2564 952 2627; x_wconf 93' lang='lat' dir='ltr'>in</span> <span class='ocrx_word' id='word_1_165' title='bbox 976 2564 1216 2644; x_wconf 91' lang='lat' dir='ltr'>inhonestum,</span> 
     </span>
     <span class='ocr_line' id='line_1_23' title="bbox 142 2670 1216 2756; baseline 0.003 -21"><span class='ocrx_word' id='word_1_166' title='bbox 142 2679 179 2735; x_wconf 91' lang='lat' dir='ltr'>ut</span> <span class='ocrx_word' id='word_1_167' title='bbox 213 2672 389 2755; x_wconf 85' lang='lat' dir='ltr'>vituperet.</span> <span class='ocrx_word' id='word_1_168' title='bbox 438 2673 477 2735; x_wconf 93' lang='lat' dir='ltr'>ln</span> <span class='ocrx_word' id='word_1_169' title='bbox 511 2671 607 2734; x_wconf 91' lang='lat' dir='ltr'>omni</span> <span class='ocrx_word' id='word_1_170' title='bbox 640 2672 760 2753; x_wconf 85' lang='lat' dir='ltr'>figura,</span> <span class='ocrx_word' id='word_1_171' title='bbox 789 2670 850 2734; x_wconf 91' lang='lat' dir='ltr'>sed</span> <span class='ocrx_word' id='word_1_172' title='bbox 875 2670 1025 2735; x_wconf 84' lang='lat' dir='ltr'>maxime</span> <span class='ocrx_word' id='word_1_173' title='bbox 1049 2671 1085 2735; x_wconf 92' lang='lat' dir='ltr'>in</span> <span class='ocrx_word' id='word_1_174' title='bbox 1109 2675 1216 2756; x_wconf 86' lang='lat' dir='ltr'>gravi,</span> 
     </span>
     <span class='ocr_line' id='line_1_24' title="bbox 142 2778 1213 2864; baseline 0.002 -21"><span class='ocrx_word' id='word_1_175' title='bbox 142 2787 253 2864; x_wconf 90' lang='lat' dir='ltr'>potest</span> <span class='ocrx_word' id='word_1_176' title='bbox 276 2781 397 2843; x_wconf 85' lang='lat' dir='ltr'>valere.</span> <span class='ocrx_word' id='word_1_177' title='bbox 445 2779 595 2842; x_wconf 82' lang='lat' dir='ltr'>Maxime</span> <span class='ocrx_word' id='word_1_178' title='bbox 619 2785 670 2841; x_wconf 88' lang='lat' dir='ltr'>est</span> <span class='ocrx_word' id='word_1_179' title='bbox 694 2778 1213 2849; x_wconf 59' lang='lat' dir='ltr'>accommodatus,demonstra·</span> 
     </span>
     <span class='ocr_line' id='line_1_25' title="bbox 141 2882 1213 2969; baseline 0.002 -19"><span class='ocrx_word' id='word_1_180' title='bbox 141 2888 210 2951; x_wconf 89' lang='lat' dir='ltr'>tivo</span> <span class='ocrx_word' id='word_1_181' title='bbox 241 2887 365 2969; x_wconf 85' lang='lat' dir='ltr'>generi,</span> <span class='ocrx_word' id='word_1_182' title='bbox 389 2887 470 2968; x_wconf 86' lang='lat' dir='ltr'>quia</span> <span class='ocrx_word' id='word_1_183' title='bbox 494 2887 584 2949; x_wconf 82' lang='lat' dir='ltr'>valet</span> <span class='ocrx_word' id='word_1_184' title='bbox 609 2885 653 2948; x_wconf 90' lang='lat' dir='ltr'>ad</span> <span class='ocrx_word' id='word_1_185' title='bbox 678 2882 913 2949; x_wconf 75' lang='lat' dir='ltr'>laudandnm³</span> <span class='ocrx_word' id='word_1_186' title='bbox 937 2886 990 2948; x_wconf 84' lang='lat' dir='ltr'>vel</span> <span class='ocrx_word' id='word_1_187' title='bbox 1016 2886 1213 2969; x_wconf 82' lang='lat' dir='ltr'>vituperan-</span> 
     </span>
     <span class='ocr_line' id='line_1_26' title="bbox 141 2991 1212 3079; baseline 0.002 -22"><span class='ocrx_word' id='word_1_188' title='bbox 141 2995 225 3058; x_wconf 90' lang='lat' dir='ltr'>dum</span> <span class='ocrx_word' id='word_1_189' title='bbox 250 2994 412 3077; x_wconf 87' lang='lat' dir='ltr'>aliquem.</span> <span class='ocrx_word' id='word_1_190' title='bbox 462 2995 500 3056; x_wconf 93' lang='lat' dir='ltr'>ln</span> <span class='ocrx_word' id='word_1_191' title='bbox 526 2991 789 3056; x_wconf 84' lang='lat' dir='ltr'>confirmatione</span> <span class='ocrx_word' id='word_1_192' title='bbox 813 2999 845 3055; x_wconf 87' lang='lat' dir='ltr'>et</span> <span class='ocrx_word' id='word_1_193' title='bbox 867 2993 1136 3075; x_wconf 91' lang='lat' dir='ltr'>reprehensione</span> <span class='ocrx_word' id='word_1_194' title='bbox 1154 3015 1212 3079; x_wconf 96' lang='lat' dir='ltr'>po-</span> 
     </span>
     <span class='ocr_line' id='line_1_27' title="bbox 140 3094 1212 3185; baseline 0.002 -21"><span class='ocrx_word' id='word_1_195' title='bbox 140 3108 205 3165; x_wconf 91' lang='lat' dir='ltr'>test</span> <span class='ocrx_word' id='word_1_196' title='bbox 239 3103 352 3165; x_wconf 89' lang='lat' dir='ltr'>valere</span> <span class='ocrx_word' id='word_1_197' title='bbox 382 3107 415 3165; x_wconf 89' lang='lat' dir='ltr'>et</span> <span class='ocrx_word' id='word_1_198' title='bbox 444 3100 538 3183; x_wconf 87' lang='lat' dir='ltr'>poni,</span> <span class='ocrx_word' id='word_1_199' title='bbox 563 3100 623 3162; x_wconf 90' lang='lat' dir='ltr'>sed</span> <span class='ocrx_word' id='word_1_200' title='bbox 647 3100 837 3181; x_wconf 89' lang='lat' dir='ltr'>plurimum</span> <span class='ocrx_word' id='word_1_201' title='bbox 862 3101 1025 3163; x_wconf 86' lang='lat' dir='ltr'>convenit</span> <span class='ocrx_word' id='word_1_202' title='bbox 1047 3094 1212 3185; x_wconf 72' lang='lat' dir='ltr'>illi&#39;parti</span> 
     </span>
     <span class='ocr_line' id='line_1_28' title="bbox 142 3207 1213 3290; baseline 0 -18"><span class='ocrx_word' id='word_1_203' title='bbox 142 3208 398 3286; x_wconf 81' lang='lat' dir='ltr'>insinuationis,</span> <span class='ocrx_word' id='word_1_204' title='bbox 430 3227 509 3289; x_wconf 89' lang='lat' dir='ltr'>quae</span> <span class='ocrx_word' id='word_1_205' title='bbox 541 3207 668 3270; x_wconf 86' lang='lat' dir='ltr'>dieitur</span> <span class='ocrx_word' id='word_1_206' title='bbox 695 3208 937 3285; x_wconf 90' lang='lat' dir='ltr'>commutatio;</span> <span class='ocrx_word' id='word_1_207' title='bbox 963 3207 1045 3290; x_wconf 91' lang='lat' dir='ltr'>quia</span> <span class='ocrx_word' id='word_1_208' title='bbox 1069 3209 1213 3290; x_wconf 89' lang='lat' dir='ltr'>ponitur</span> 
     </span>
     <span class='ocr_line' id='line_1_29' title="bbox 141 3313 1213 3398; baseline 0.002 -19"><span class='ocrx_word' id='word_1_209' title='bbox 141 3335 268 3380; x_wconf 92' lang='lat' dir='ltr'>nomen</span> <span class='ocrx_word' id='word_1_210' title='bbox 304 3334 367 3397; x_wconf 91' lang='lat' dir='ltr'>pro</span> <span class='ocrx_word' id='word_1_211' title='bbox 400 3315 542 3378; x_wconf 91' lang='lat' dir='ltr'>nomine</span> <span class='ocrx_word' id='word_1_212' title='bbox 575 3322 607 3378; x_wconf 92' lang='lat' dir='ltr'>et</span> <span class='ocrx_word' id='word_1_213' title='bbox 631 3314 711 3377; x_wconf 91' lang='lat' dir='ltr'>inde</span> <span class='ocrx_word' id='word_1_214' title='bbox 736 3314 841 3378; x_wconf 90' lang='lat' dir='ltr'>habet</span> <span class='ocrx_word' id='word_1_215' title='bbox 865 3333 1004 3395; x_wconf 89' lang='lat' dir='ltr'>nornen,</span> <span class='ocrx_word' id='word_1_216' title='bbox 1028 3334 1075 3379; x_wconf 92' lang='lat' dir='ltr'>sc.</span> <span class='ocrx_word' id='word_1_217' title='bbox 1099 3313 1213 3398; x_wconf 80' lang='lat' dir='ltr'>(pro)</span> 
     </span>
     <span class='ocr_line' id='line_1_30' title="bbox 141 3421 1210 3505; baseline 0.001 -18"><span class='ocrx_word' id='word_1_218' title='bbox 141 3423 344 3487; x_wconf 91' lang='lat' dir='ltr'>nominatio.</span> <span class='ocrx_word' id='word_1_219' title='bbox 393 3423 525 3486; x_wconf 86' lang='lat' dir='ltr'>Tamen</span> <span class='ocrx_word' id='word_1_220' title='bbox 558 3421 722 3485; x_wconf 86' lang='lat' dir='ltr'>differunt</span> <span class='ocrx_word' id='word_1_221' title='bbox 756 3421 950 3485; x_wconf 85' lang='lat' dir='ltr'>nominatio</span> <span class='ocrx_word' id='word_1_222' title='bbox 975 3429 1007 3485; x_wconf 91' lang='lat' dir='ltr'>et</span> <span class='ocrx_word' id='word_1_223' title='bbox 1032 3424 1210 3505; x_wconf 89' lang='lat' dir='ltr'>pronomi-</span> 
     </span>
     <span class='ocr_line' id='line_1_31' title="bbox 140 3528 1210 3613; baseline 0.001 -20"><span class='ocrx_word' id='word_1_224' title='bbox 140 3531 245 3611; x_wconf 89' lang='lat' dir='ltr'>natio,</span> <span class='ocrx_word' id='word_1_225' title='bbox 274 3550 315 3595; x_wconf 95' lang='lat' dir='ltr'>eo</span> <span class='ocrx_word' id='word_1_226' title='bbox 339 3530 434 3613; x_wconf 86' lang='lat' dir='ltr'>quod</span> <span class='ocrx_word' id='word_1_227' title='bbox 458 3528 651 3593; x_wconf 89' lang='lat' dir='ltr'>nominatio</span> <span class='ocrx_word' id='word_1_228' title='bbox 676 3536 726 3593; x_wconf 87' lang='lat' dir='ltr'>est</span> <span class='ocrx_word' id='word_1_229' title='bbox 749 3529 904 3593; x_wconf 83' lang='lat' dir='ltr'>inventio</span> <span class='ocrx_word' id='word_1_230' title='bbox 929 3529 1010 3593; x_wconf 91' lang='lat' dir='ltr'>novi</span> <span class='ocrx_word' id='word_1_231' title='bbox 1035 3530 1132 3594; x_wconf 87' lang='lat' dir='ltr'>verbi</span> <span class='ocrx_word' id='word_1_232' title='bbox 1157 3532 1210 3596; x_wconf 88' lang='lat' dir='ltr'>vel</span> 
     </span>
    </p>
   </div>
   <div class='ocr_carea' id='block_1_5' title="bbox 139 3760 1210 3916">
    <p class='ocr_par' dir='ltr' id='par_1_5' title="bbox 139 3760 1210 3916">
     <span class='ocr_line' id='line_1_32' title="bbox 232 3760 1210 3833; baseline 0 -7"><span class='ocrx_word' id='word_1_233' title='bbox 232 3763 242 3798; x_wconf 79' lang='lat'>¹</span> <span class='ocrx_word' id='word_1_234' title='bbox 268 3771 321 3826; x_wconf 84' lang='lat' dir='ltr'>0v.</span> <span class='ocrx_word' id='word_1_235' title='bbox 347 3771 416 3826; x_wconf 79' lang='lat' dir='ltr'>Mei.</span> <span class='ocrx_word' id='word_1_236' title='bbox 439 3770 487 3831; x_wconf 73' lang='lat' dir='ltr'>Vl,</span> <span class='ocrx_word' id='word_1_237' title='bbox 504 3769 569 3829; x_wconf 79' lang='lat'>315;</span> <span class='ocrx_word' id='word_1_238' title='bbox 595 3769 676 3823; x_wconf 75' lang='lat' dir='ltr'>Fttsli</span> <span class='ocrx_word' id='word_1_239' title='bbox 694 3769 726 3833; x_wconf 76' lang='lat' dir='ltr'>V,</span> <span class='ocrx_word' id='word_1_240' title='bbox 742 3770 803 3824; x_wconf 73' lang='lat'>542.</span> <span class='ocrx_word' id='word_1_241' title='bbox 853 3760 925 3823; x_wconf 63' lang='grc' dir='ltr'>ι’(Ιῖ.</span> <span class='ocrx_word' id='word_1_242' title='bbox 943 3769 1024 3823; x_wconf 71' lang='lat' dir='ltr'>Suel.</span> <span class='ocrx_word' id='word_1_243' title='bbox 1042 3769 1148 3826; x_wconf 75' lang='lat' dir='ltr'>Ocitlv.</span> <span class='ocrx_word' id='word_1_244' title='bbox 1167 3773 1210 3826; x_wconf 73' lang='grc'>86.</span> 
     </span>
     <span class='ocr_line' id='line_1_33' title="bbox 139 3850 423 3916; baseline -0.004 -1"><span class='ocrx_word' id='word_1_245' title='bbox 139 3850 151 3888; x_wconf 74' lang='lat'><strong>³</strong></span> <span class='ocrx_word' id='word_1_246' title='bbox 176 3860 368 3916; x_wconf 79' lang='lat' dir='ltr'>laudandum</span> <span class='ocrx_word' id='word_1_247' title='bbox 394 3861 423 3914; x_wconf 92' lang='lat' dir='ltr'>h.</span> 
     </span>
    </p>
   </div>
   <div class='ocr_carea' id='block_1_6' title="bbox 0 0 1362 4254">
    <p class='ocr_par' dir='ltr' id='par_1_6' title="bbox 0 0 1362 4254">
     <span class='ocr_line' id='line_1_34' title="bbox 0 0 1362 4254; baseline 0 4"><span class='ocrx_word' id='word_1_248' title='bbox 0 0 1362 4254; x_wconf 95' lang='lat' dir='ltr'> </span> 
     </span>
    </p>
   </div>
  </div>
 </body>
</html>
