<?xml version="1.0" encoding="UTF-8"?>
<!DOCTYPE html PUBLIC "-//W3C//DTD XHTML 1.0 Transitional//EN"
    "http://www.w3.org/TR/xhtml1/DTD/xhtml1-transitional.dtd">
<html xmlns="http://www.w3.org/1999/xhtml" xml:lang="en" lang="en">
 <head>
  <title>
</title>
<meta http-equiv="Content-Type" content="text/html;charset=utf-8" />
  <meta name='ocr-system' content='tesseract 3.04.00' />
  <meta name='ocr-capabilities' content='ocr_page ocr_carea ocr_par ocr_line ocrx_word'/>
</head>
<body>
  <div class='ocr_page' id='page_1' title='image "./descholiisrheto00poulgoog_0039.png"; bbox 0 0 2716 4254; ppageno 0'>
   <div class='ocr_carea' id='block_1_1' title="bbox 697 233 874 295">
    <p class='ocr_par' dir='ltr' id='par_1_1' title="bbox 697 233 874 295">
     <span class='ocr_line' id='line_1_1' title="bbox 697 233 874 295; baseline 0.011 -19"><span class='ocrx_word' id='word_1_1' title='bbox 697 233 874 295; x_wconf 66' lang='grc'>..32-</span> 
     </span>
    </p>
   </div>
   <div class='ocr_carea' id='block_1_2' title="bbox 250 390 1332 2405">
    <p class='ocr_par' dir='ltr' id='par_1_2' title="bbox 251 390 1326 992">
     <span class='ocr_line' id='line_1_2' title="bbox 252 390 1326 478; baseline 0.006 -25"><span class='ocrx_word' id='word_1_2' title='bbox 252 390 370 454; x_wconf 92' lang='lat' dir='ltr'>dinem</span> <span class='ocrx_word' id='word_1_3' title='bbox 395 398 523 454; x_wconf 90' lang='lat' dir='ltr'>certam</span> <span class='ocrx_word' id='word_1_4' title='bbox 548 391 804 475; x_wconf 82' lang='lat' dir='ltr'>deprehendere</span> <span class='ocrx_word' id='word_1_5' title='bbox 828 394 916 457; x_wconf 88' lang='lat' dir='ltr'>licet.</span> <span class='ocrx_word' id='word_1_6' title='bbox 965 394 1079 471; x_wconf 86' lang='lat' dir='ltr'>Quare</span> <span class='ocrx_word' id='word_1_7' title='bbox 1104 415 1326 478; x_wconf 91' lang='lat' dir='ltr'>quamquam</span> 
     </span>
     <span class='ocr_line' id='line_1_3' title="bbox 252 498 1325 587; baseline 0.005 -25"><span class='ocrx_word' id='word_1_8' title='bbox 252 500 490 582; x_wconf 82' lang='lat' dir='ltr'>exemplorum</span> <span class='ocrx_word' id='word_1_9' title='bbox 514 519 594 582; x_wconf 89' lang='lat' dir='ltr'>pars</span> <span class='ocrx_word' id='word_1_10' title='bbox 616 498 733 585; x_wconf 90' lang='lat' dir='ltr'>(quarn</span> <span class='ocrx_word' id='word_1_11' title='bbox 751 507 943 564; x_wconf 90' lang='lat' dir='ltr'>ceterorum</span> <span class='ocrx_word' id='word_1_12' title='bbox 960 507 1050 565; x_wconf 91' lang='lat' dir='ltr'>certe</span> <span class='ocrx_word' id='word_1_13' title='bbox 1067 503 1177 565; x_wconf 88' lang='lat' dir='ltr'>multo</span> <span class='ocrx_word' id='word_1_14' title='bbox 1195 503 1325 587; x_wconf 85' lang='lat' dir='ltr'>minor)</span> 
     </span>
     <span class='ocr_line' id='line_1_4' title="bbox 252 607 1325 690; baseline 0.004 -21"><span class='ocrx_word' id='word_1_15' title='bbox 252 611 314 683; x_wconf 87' lang='lat' dir='ltr'>est,</span> <span class='ocrx_word' id='word_1_16' title='bbox 343 607 403 668; x_wconf 92' lang='lat' dir='ltr'>ubi</span> <span class='ocrx_word' id='word_1_17' title='bbox 433 607 539 670; x_wconf 88' lang='lat' dir='ltr'>colori</span> <span class='ocrx_word' id='word_1_18' title='bbox 564 607 704 670; x_wconf 90' lang='lat' dir='ltr'>cuidam</span> <span class='ocrx_word' id='word_1_19' title='bbox 729 608 834 671; x_wconf 91' lang='lat' dir='ltr'>aliam</span> <span class='ocrx_word' id='word_1_20' title='bbox 859 608 959 690; x_wconf 89' lang='lat' dir='ltr'>quasi</span> <span class='ocrx_word' id='word_1_21' title='bbox 984 609 1201 690; x_wconf 89' lang='lat' dir='ltr'>provinciam</span> <span class='ocrx_word' id='word_1_22' title='bbox 1227 610 1325 673; x_wconf 91' lang='lat' dir='ltr'>codi-</span> 
     </span>
     <span class='ocr_line' id='line_1_5' title="bbox 252 714 1325 800; baseline 0.004 -25"><span class='ocrx_word' id='word_1_23' title='bbox 252 733 333 776; x_wconf 87' lang='lat' dir='ltr'>cum</span> <span class='ocrx_word' id='word_1_24' title='bbox 359 715 389 776; x_wconf 94' lang='lat' dir='ltr'><strong>H</strong></span> <span class='ocrx_word' id='word_1_25' title='bbox 402 716 466 776; x_wconf 93' lang='lat' dir='ltr'>PB</span> <span class='ocrx_word' id='word_1_26' title='bbox 491 714 648 794; x_wconf 74' lang='lat' dir='ltr'>rubricae,</span> <span class='ocrx_word' id='word_1_27' title='bbox 673 716 778 779; x_wconf 88' lang='lat' dir='ltr'>aliam</span> <span class='ocrx_word' id='word_1_28' title='bbox 803 716 936 793; x_wconf 84' lang='lat' dir='ltr'>¹scholia</span> <span class='ocrx_word' id='word_1_29' title='bbox 961 714 1075 796; x_wconf 88' lang='lat' dir='ltr'>dant,¹</span> <span class='ocrx_word' id='word_1_30' title='bbox 1098 722 1216 779; x_wconf 87' lang='lat' dir='ltr'>tamen</span> <span class='ocrx_word' id='word_1_31' title='bbox 1235 718 1325 800; x_wconf 88' lang='lat' dir='ltr'>quin</span> 
     </span>
     <span class='ocr_line' id='line_1_6' title="bbox 251 820 1326 905; baseline 0.005 -23"><span class='ocrx_word' id='word_1_32' title='bbox 251 820 394 901; x_wconf 81' lang='lat' dir='ltr'>originis</span> <span class='ocrx_word' id='word_1_33' title='bbox 428 820 589 903; x_wconf 90' lang='lat' dir='ltr'>quaedam</span> <span class='ocrx_word' id='word_1_34' title='bbox 623 822 825 885; x_wconf 88' lang='lat' dir='ltr'>commuuio</span> <span class='ocrx_word' id='word_1_35' title='bbox 857 823 946 885; x_wconf 91' lang='lat' dir='ltr'>inter</span> <span class='ocrx_word' id='word_1_36' title='bbox 969 829 1116 905; x_wconf 90' lang='lat' dir='ltr'>utraque</span> <span class='ocrx_word' id='word_1_37' title='bbox 1140 824 1195 904; x_wconf 86' lang='lat' dir='ltr'>sit,</span> <span class='ocrx_word' id='word_1_38' title='bbox 1220 824 1326 887; x_wconf 94' lang='lat' dir='ltr'>dubi-</span> 
     </span>
     <span class='ocr_line' id='line_1_7' title="bbox 251 928 1226 992; baseline 0.002 -2"><span class='ocrx_word' id='word_1_39' title='bbox 251 928 397 991; x_wconf 87' lang='lat' dir='ltr'>tandum</span> <span class='ocrx_word' id='word_1_40' title='bbox 423 948 494 991; x_wconf 91' lang='lat' dir='ltr'>non</span> <span class='ocrx_word' id='word_1_41' title='bbox 517 929 663 992; x_wconf 87' lang='lat' dir='ltr'>videtur.</span> <span class='ocrx_word' id='word_1_42' title='bbox 1223 940 1226 946; x_wconf 82' lang='grc'>’</span> 
     </span>
    </p>

    <p class='ocr_par' dir='ltr' id='par_1_3' title="bbox 250 1036 1332 2405">
     <span class='ocr_line' id='line_1_8' title="bbox 341 1036 1327 1121; baseline 0.003 -23"><span class='ocrx_word' id='word_1_43' title='bbox 341 1036 429 1099; x_wconf 88' lang='lat' dir='ltr'>Cum</span> <span class='ocrx_word' id='word_1_44' title='bbox 460 1041 572 1099; x_wconf 88' lang='lat' dir='ltr'>totum</span> <span class='ocrx_word' id='word_1_45' title='bbox 604 1037 817 1100; x_wconf 86' lang='lat' dir='ltr'>scholiorum</span> <span class='ocrx_word' id='word_1_46' title='bbox 841 1042 973 1099; x_wconf 84' lang='lat' dir='ltr'>textum</span> <span class='ocrx_word' id='word_1_47' title='bbox 998 1036 1098 1100; x_wconf 91' lang='lat' dir='ltr'>edere</span> <span class='ocrx_word' id='word_1_48' title='bbox 1123 1038 1193 1100; x_wconf 90' lang='lat' dir='ltr'>iarn</span> <span class='ocrx_word' id='word_1_49' title='bbox 1219 1039 1327 1121; x_wconf 89' lang='lat' dir='ltr'>copia</span> 
     </span>
     <span class='ocr_line' id='line_1_9' title="bbox 251 1144 1328 1228; baseline 0.004 -23"><span class='ocrx_word' id='word_1_50' title='bbox 251 1162 371 1206; x_wconf 91' lang='lat' dir='ltr'>eorum</span> <span class='ocrx_word' id='word_1_51' title='bbox 389 1160 577 1226; x_wconf 87' lang='lat' dir='ltr'>permagna</span> <span class='ocrx_word' id='word_1_52' title='bbox 593 1149 723 1206; x_wconf 88' lang='lat' dir='ltr'>vetaret</span> <span class='ocrx_word' id='word_1_53' title='bbox 739 1144 997 1227; x_wconf 89' lang='lat' dir='ltr'>particulasque</span> <span class='ocrx_word' id='word_1_54' title='bbox 1013 1150 1150 1207; x_wconf 90' lang='lat' dir='ltr'>tantum</span> <span class='ocrx_word' id='word_1_55' title='bbox 1167 1145 1328 1228; x_wconf 85' lang='lat' dir='ltr'>prolerre</span> 
     </span>
     <span class='ocr_line' id='line_1_10' title="bbox 251 1251 1328 1333; baseline 0.003 -21"><span class='ocrx_word' id='word_1_56' title='bbox 251 1269 402 1332; x_wconf 92' lang='lat' dir='ltr'>possem,</span> <span class='ocrx_word' id='word_1_57' title='bbox 434 1256 471 1312; x_wconf 88' lang='lat' dir='ltr'>ut</span> <span class='ocrx_word' id='word_1_58' title='bbox 503 1251 654 1313; x_wconf 82' lang='lat' dir='ltr'>maxime</span> <span class='ocrx_word' id='word_1_59' title='bbox 678 1251 823 1331; x_wconf 86' lang='lat' dir='ltr'>idoneae,</span> <span class='ocrx_word' id='word_1_60' title='bbox 848 1271 995 1333; x_wconf 91' lang='lat' dir='ltr'>quaeque</span> <span class='ocrx_word' id='word_1_61' title='bbox 1020 1252 1236 1315; x_wconf 86' lang='lat' dir='ltr'>scholiorum</span> <span class='ocrx_word' id='word_1_62' title='bbox 1262 1273 1328 1315; x_wconf 89' lang='lat' dir='ltr'>na-</span> 
     </span>
     <span class='ocr_line' id='line_1_11' title="bbox 250 1358 1327 1441; baseline 0.003 -22"><span class='ocrx_word' id='word_1_63' title='bbox 250 1362 365 1419; x_wconf 86' lang='lat' dir='ltr'>turam</span> <span class='ocrx_word' id='word_1_64' title='bbox 390 1358 520 1441; x_wconf 87' lang='lat' dir='ltr'>optime</span> <span class='ocrx_word' id='word_1_65' title='bbox 544 1359 767 1437; x_wconf 88' lang='lat' dir='ltr'>illustrarent,</span> <span class='ocrx_word' id='word_1_66' title='bbox 792 1358 1008 1439; x_wconf 80' lang='lat' dir='ltr'>eligerentur,</span> <span class='ocrx_word' id='word_1_67' title='bbox 1025 1359 1113 1421; x_wconf 92' lang='lat' dir='ltr'>mihi</span> <span class='ocrx_word' id='word_1_68' title='bbox 1129 1358 1327 1422; x_wconf 88' lang='lat' dir='ltr'>videndum</span> 
     </span>
     <span class='ocr_line' id='line_1_12' title="bbox 251 1462 1328 1550; baseline 0.003 -23"><span class='ocrx_word' id='word_1_69' title='bbox 251 1470 332 1527; x_wconf 86' lang='lat' dir='ltr'>erat.</span> <span class='ocrx_word' id='word_1_70' title='bbox 381 1465 496 1542; x_wconf 87' lang='lat' dir='ltr'>Quam</span> <span class='ocrx_word' id='word_1_71' title='bbox 536 1466 581 1528; x_wconf 96' lang='lat' dir='ltr'>ob</span> <span class='ocrx_word' id='word_1_72' title='bbox 614 1486 688 1528; x_wconf 93' lang='lat' dir='ltr'>rem</span> <span class='ocrx_word' id='word_1_73' title='bbox 724 1466 881 1548; x_wconf 83' lang='lat' dir='ltr'>exempla</span> <span class='ocrx_word' id='word_1_74' title='bbox 917 1465 1078 1546; x_wconf 86' lang='lat' dir='ltr'>quaedam</span> <span class='ocrx_word' id='word_1_75' title='bbox 1119 1462 1170 1550; x_wconf 82' lang='lat' dir='ltr'>(ex</span> <span class='ocrx_word' id='word_1_76' title='bbox 1206 1466 1328 1549; x_wconf 91' lang='lat' dir='ltr'>primo</span> 
     </span>
     <span class='ocr_line' id='line_1_13' title="bbox 250 1570 1332 1655; baseline 0.005 -23"><span class='ocrx_word' id='word_1_77' title='bbox 250 1570 351 1654; x_wconf 85' lang='lat' dir='ltr'>libro)</span> <span class='ocrx_word' id='word_1_78' title='bbox 376 1572 522 1655; x_wconf 91' lang='lat' dir='ltr'>sumpsi,</span> <span class='ocrx_word' id='word_1_79' title='bbox 547 1593 624 1655; x_wconf 91' lang='lat' dir='ltr'>quae</span> <span class='ocrx_word' id='word_1_80' title='bbox 649 1573 685 1635; x_wconf 92' lang='lat' dir='ltr'>in</span> <span class='ocrx_word' id='word_1_81' title='bbox 710 1578 781 1635; x_wconf 79' lang='lat' dir='ltr'>arte</span> <span class='ocrx_word' id='word_1_82' title='bbox 806 1572 976 1635; x_wconf 88' lang='lat' dir='ltr'>rhetorica</span> <span class='ocrx_word' id='word_1_83' title='bbox 1001 1571 1158 1635; x_wconf 90' lang='lat' dir='ltr'>docenda</span> <span class='ocrx_word' id='word_1_84' title='bbox 1181 1573 1267 1635; x_wconf 87' lang='lat' dir='ltr'>ficta</span> <span class='ocrx_word' id='word_1_85' title='bbox 1295 1580 1332 1637; x_wconf 82' lang='lat' dir='ltr'>et&#39;</span> 
     </span>
     <span class='ocr_line' id='line_1_14' title="bbox 251 1679 1330 1761; baseline 0.003 -21"><span class='ocrx_word' id='word_1_86' title='bbox 251 1684 418 1761; x_wconf 89' lang='lat' dir='ltr'>usurpata</span> <span class='ocrx_word' id='word_1_87' title='bbox 443 1699 517 1742; x_wconf 91' lang='lat' dir='ltr'>esse</span> <span class='ocrx_word' id='word_1_88' title='bbox 541 1680 717 1756; x_wconf 82' lang='lat' dir='ltr'>videnlur3</span> <span class='ocrx_word' id='word_1_89' title='bbox 742 1685 817 1742; x_wconf 88' lang='lat' dir='ltr'>tum</span> <span class='ocrx_word' id='word_1_90' title='bbox 843 1679 957 1761; x_wconf 89' lang='lat' dir='ltr'>quarti</span> <span class='ocrx_word' id='word_1_91' title='bbox 982 1679 1062 1741; x_wconf 92' lang='lat' dir='ltr'>libri</span> <span class='ocrx_word' id='word_1_92' title='bbox 1079 1681 1330 1743; x_wconf 91' lang='lat' dir='ltr'>commentarii</span> 
     </span>
     <span class='ocr_line' id='line_1_15' title="bbox 251 1785 1329 1869; baseline 0.001 -20"><span class='ocrx_word' id='word_1_93' title='bbox 251 1793 365 1869; x_wconf 86' lang='lat' dir='ltr'>partes</span> <span class='ocrx_word' id='word_1_94' title='bbox 398 1786 584 1869; x_wconf 85' lang='lat' dir='ltr'>proferam,</span> <span class='ocrx_word' id='word_1_95' title='bbox 618 1807 695 1868; x_wconf 91' lang='lat' dir='ltr'>quae</span> <span class='ocrx_word' id='word_1_96' title='bbox 729 1786 774 1849; x_wconf 94' lang='lat' dir='ltr'>ad</span> <span class='ocrx_word' id='word_1_97' title='bbox 808 1787 854 1865; x_wconf 89' lang='lat' dir='ltr'>id,</span> <span class='ocrx_word' id='word_1_98' title='bbox 888 1786 983 1867; x_wconf 92' lang='lat' dir='ltr'>quod</span> <span class='ocrx_word' id='word_1_99' title='bbox 1012 1785 1055 1848; x_wconf 99' lang='lat' dir='ltr'>de</span> <span class='ocrx_word' id='word_1_100' title='bbox 1079 1786 1229 1848; x_wconf 85' lang='lat' dir='ltr'>rubricis</span> <span class='ocrx_word' id='word_1_101' title='bbox 1256 1787 1329 1850; x_wconf 92' lang='lat' dir='ltr'>illis</span> 
     </span>
     <span class='ocr_line' id='line_1_16' title="bbox 251 1893 1330 1977; baseline 0.004 -22"><span class='ocrx_word' id='word_1_102' title='bbox 251 1893 321 1956; x_wconf 90' lang='lat' dir='ltr'>iam</span> <span class='ocrx_word' id='word_1_103' title='bbox 346 1894 562 1977; x_wconf 90' lang='lat' dir='ltr'>disputatum</span> <span class='ocrx_word' id='word_1_104' title='bbox 588 1900 649 1972; x_wconf 90' lang='lat' dir='ltr'>est,</span> <span class='ocrx_word' id='word_1_105' title='bbox 674 1893 828 1976; x_wconf 92' lang='lat' dir='ltr'>quodam</span> <span class='ocrx_word' id='word_1_106' title='bbox 853 1893 959 1955; x_wconf 94' lang='lat' dir='ltr'>modo</span> <span class='ocrx_word' id='word_1_107' title='bbox 983 1893 1164 1975; x_wconf 81' lang='lat' dir='ltr'>pertinent.</span> <span class='ocrx_word' id='word_1_108' title='bbox 1212 1893 1266 1956; x_wconf 87' lang='lat' dir='ltr'>Ac</span> <span class='ocrx_word' id='word_1_109' title='bbox 1285 1915 1330 1959; x_wconf 89' lang='lat' dir='ltr'>ne</span> 
     </span>
     <span class='ocr_line' id='line_1_17' title="bbox 250 2000 1330 2084; baseline 0.003 -21"><span class='ocrx_word' id='word_1_110' title='bbox 250 2002 330 2084; x_wconf 92' lang='lat' dir='ltr'>quis</span> <span class='ocrx_word' id='word_1_111' title='bbox 355 2002 508 2080; x_wconf 88' lang='lat' dir='ltr'>miretur,</span> <span class='ocrx_word' id='word_1_112' title='bbox 532 2000 628 2082; x_wconf 91' lang='lat' dir='ltr'>quod</span> <span class='ocrx_word' id='word_1_113' title='bbox 652 2001 745 2063; x_wconf 91' lang='lat' dir='ltr'>idem</span> <span class='ocrx_word' id='word_1_114' title='bbox 770 2001 807 2063; x_wconf 92' lang='lat' dir='ltr'>in</span> <span class='ocrx_word' id='word_1_115' title='bbox 831 2000 973 2062; x_wconf 86' lang='lat' dir='ltr'>scholiis</span> <span class='ocrx_word' id='word_1_116' title='bbox 998 2000 1126 2083; x_wconf 86' lang='lat' dir='ltr'>saepius</span> <span class='ocrx_word' id='word_1_117' title='bbox 1143 2001 1255 2083; x_wconf 89' lang='lat' dir='ltr'>repeti</span> <span class='ocrx_word' id='word_1_118' title='bbox 1272 2003 1330 2066; x_wconf 80' lang='lat' dir='ltr'>vel</span> 
     </span>
     <span class='ocr_line' id='line_1_18' title="bbox 250 2106 1329 2187; baseline 0.002 -16"><span class='ocrx_word' id='word_1_119' title='bbox 250 2128 303 2171; x_wconf 92' lang='lat' dir='ltr'>res</span> <span class='ocrx_word' id='word_1_120' title='bbox 333 2108 448 2171; x_wconf 86' lang='lat' dir='ltr'>futiles</span> <span class='ocrx_word' id='word_1_121' title='bbox 476 2107 590 2170; x_wconf 86' lang='lat' dir='ltr'>afferri</span> <span class='ocrx_word' id='word_1_122' title='bbox 614 2107 718 2187; x_wconf 86' lang='lat' dir='ltr'>videt,</span> <span class='ocrx_word' id='word_1_123' title='bbox 742 2107 958 2171; x_wconf 91' lang='lat' dir='ltr'>monendum</span> <span class='ocrx_word' id='word_1_124' title='bbox 983 2112 1045 2186; x_wconf 88' lang='lat' dir='ltr'>est,</span> <span class='ocrx_word' id='word_1_125' title='bbox 1070 2106 1216 2186; x_wconf 87' lang='lat' dir='ltr'>scholia,</span> <span class='ocrx_word' id='word_1_126' title='bbox 1242 2127 1329 2172; x_wconf 90' lang='lat' dir='ltr'>cum</span> 
     </span>
     <span class='ocr_line' id='line_1_19' title="bbox 250 2214 1329 2297; baseline 0.003 -20"><span class='ocrx_word' id='word_1_127' title='bbox 250 2215 285 2276; x_wconf 94' lang='lat' dir='ltr'>id</span> <span class='ocrx_word' id='word_1_128' title='bbox 322 2221 453 2295; x_wconf 82' lang='lat' dir='ltr'>agatur,</span> <span class='ocrx_word' id='word_1_129' title='bbox 489 2221 527 2277; x_wconf 90' lang='lat' dir='ltr'>ut</span> <span class='ocrx_word' id='word_1_130' title='bbox 562 2221 686 2277; x_wconf 92' lang='lat' dir='ltr'>natura</span> <span class='ocrx_word' id='word_1_131' title='bbox 722 2216 936 2278; x_wconf 93' lang='lat' dir='ltr'>scholiorum</span> <span class='ocrx_word' id='word_1_132' title='bbox 968 2214 1183 2293; x_wconf 89' lang='lat' dir='ltr'>exhibeatur,</span> <span class='ocrx_word' id='word_1_133' title='bbox 1213 2235 1329 2297; x_wconf 92' lang='lat' dir='ltr'>quam</span> 
     </span>
     <span class='ocr_line' id='line_1_20' title="bbox 251 2319 749 2405; baseline 0 -21"><span class='ocrx_word' id='word_1_134' title='bbox 251 2323 395 2385; x_wconf 91' lang='lat' dir='ltr'>minime</span> <span class='ocrx_word' id='word_1_135' title='bbox 419 2321 525 2384; x_wconf 89' lang='lat' dir='ltr'>recidi</span> <span class='ocrx_word' id='word_1_136' title='bbox 550 2319 749 2405; x_wconf 41' lang='lat' dir='ltr'>oportere?</span> 
     </span>
    </p>
   </div>
   <div class='ocr_carea' id='block_1_3' title="bbox 249 2536 1331 2883">
    <p class='ocr_par' dir='ltr' id='par_1_4' title="bbox 249 2536 1331 2883">
     <span class='ocr_line' id='line_1_21' title="bbox 339 2536 1330 2612; baseline 0.001 -13"><span class='ocrx_word' id='word_1_137' title='bbox 339 2536 350 2572; x_wconf 93' lang='lat'>¹</span> <span class='ocrx_word' id='word_1_138' title='bbox 376 2544 437 2599; x_wconf 88' lang='lat' dir='ltr'>Ubi</span> <span class='ocrx_word' id='word_1_139' title='bbox 466 2544 612 2599; x_wconf 88' lang='lat' dir='ltr'>codicum</span> <span class='ocrx_word' id='word_1_140' title='bbox 638 2544 665 2598; x_wconf 94' lang='lat' dir='ltr'><strong>H</strong></span> <span class='ocrx_word' id='word_1_141' title='bbox 677 2544 700 2598; x_wconf 93' lang='lat' dir='ltr'>P</span> <span class='ocrx_word' id='word_1_142' title='bbox 712 2544 736 2597; x_wconf 93' lang='lat' dir='ltr'>B</span> <span class='ocrx_word' id='word_1_143' title='bbox 760 2542 888 2597; x_wconf 89' lang='lat' dir='ltr'>rubrica</span> <span class='ocrx_word' id='word_1_144' title='bbox 913 2541 1033 2612; x_wconf 85' lang='lat' dir='ltr'>&#39;gravis’</span> <span class='ocrx_word' id='word_1_145' title='bbox 1058 2541 1107 2596; x_wconf 91' lang='lat' dir='ltr'>vel</span> <span class='ocrx_word' id='word_1_146' title='bbox 1131 2542 1330 2600; x_wconf 87' lang='lat' dir='ltr'>’mediocris’</span> 
     </span>
     <span class='ocr_line' id='line_1_22' title="bbox 249 2630 1331 2702; baseline 0.001 -13"><span class='ocrx_word' id='word_1_147' title='bbox 249 2635 354 2699; x_wconf 91' lang='lat' dir='ltr'>habet,</span> <span class='ocrx_word' id='word_1_148' title='bbox 377 2634 399 2688; x_wconf 90' lang='lat' dir='ltr'>h</span> <span class='ocrx_word' id='word_1_149' title='bbox 423 2634 582 2688; x_wconf 87' lang='lat' dir='ltr'>interdum</span> <span class='ocrx_word' id='word_1_150' title='bbox 607 2633 697 2688; x_wconf 86' lang='lat' dir='ltr'>&#39;valet</span> <span class='ocrx_word' id='word_1_151' title='bbox 721 2633 752 2686; x_wconf 95' lang='lat' dir='ltr'>in</span> <span class='ocrx_word' id='word_1_152' title='bbox 777 2631 865 2686; x_wconf 86' lang='lat' dir='ltr'>onrni</span> <span class='ocrx_word' id='word_1_153' title='bbox 885 2632 993 2702; x_wconf 85' lang='lat' dir='ltr'>figura&#39;</span> <span class='ocrx_word' id='word_1_154' title='bbox 1011 2635 1132 2686; x_wconf 88' lang='lat' dir='ltr'>tantum</span> <span class='ocrx_word' id='word_1_155' title='bbox 1150 2630 1239 2687; x_wconf 87' lang='lat' dir='ltr'>dicit.</span> <span class='ocrx_word' id='word_1_156' title='bbox 1285 2635 1331 2690; x_wconf 86' lang='lat' dir='ltr'>De</span> 
     </span>
     <span class='ocr_line' id='line_1_23' title="bbox 250 2720 1331 2794; baseline 0.001 -16"><span class='ocrx_word' id='word_1_157' title='bbox 250 2724 320 2778; x_wconf 92' lang='lat' dir='ltr'>aliis</span> <span class='ocrx_word' id='word_1_158' title='bbox 352 2723 488 2794; x_wconf 93' lang='lat' dir='ltr'>denique</span> <span class='ocrx_word' id='word_1_159' title='bbox 515 2723 671 2794; x_wconf 83' lang='lat' dir='ltr'>(quamvis</span> <span class='ocrx_word' id='word_1_160' title='bbox 695 2721 816 2793; x_wconf 79' lang='lat' dir='ltr'>paucis)</span> <span class='ocrx_word' id='word_1_161' title='bbox 839 2720 1002 2775; x_wconf 90' lang='lat' dir='ltr'>coloribus</span> <span class='ocrx_word' id='word_1_162' title='bbox 1025 2721 1046 2775; x_wconf 92' lang='lat' dir='ltr'>h</span> <span class='ocrx_word' id='word_1_163' title='bbox 1072 2736 1134 2775; x_wconf 92' lang='lat' dir='ltr'>non</span> <span class='ocrx_word' id='word_1_164' title='bbox 1159 2720 1252 2792; x_wconf 91' lang='lat' dir='ltr'>dicit,</span> <span class='ocrx_word' id='word_1_165' title='bbox 1278 2724 1331 2779; x_wconf 89' lang='lat' dir='ltr'>cui</span> 
     </span>
     <span class='ocr_line' id='line_1_24' title="bbox 251 2812 741 2883; baseline -0.006 -15"><span class='ocrx_word' id='word_1_166' title='bbox 251 2814 359 2883; x_wconf 86' lang='lat' dir='ltr'>figurae</span> <span class='ocrx_word' id='word_1_167' title='bbox 384 2812 519 2867; x_wconf 84' lang='lat' dir='ltr'>maxime</span> <span class='ocrx_word' id='word_1_168' title='bbox 544 2812 741 2866; x_wconf 85' lang='lat' dir='ltr'>conveniant.</span> 
     </span>
    </p>
   </div>
   <div class='ocr_carea' id='block_1_4' title="bbox 249 2909 1334 3258">
    <p class='ocr_par' dir='ltr' id='par_1_5' title="bbox 249 2909 1334 3258">
     <span class='ocr_line' id='line_1_25' title="bbox 339 2909 1331 2992; baseline 0.001 -17"><span class='ocrx_word' id='word_1_169' title='bbox 339 2909 351 2946; x_wconf 77' lang='lat'><strong>²</strong></span> <span class='ocrx_word' id='word_1_170' title='bbox 365 2919 513 2975; x_wconf 78' lang='lat' dir='ltr'>Numeris</span> <span class='ocrx_word' id='word_1_171' title='bbox 526 2919 631 2974; x_wconf 91' lang='lat' dir='ltr'>locum</span> <span class='ocrx_word' id='word_1_172' title='bbox 645 2914 735 2990; x_wconf 85' lang='lat' dir='ltr'>(rhet.</span> <span class='ocrx_word' id='word_1_173' title='bbox 747 2917 787 2972; x_wconf 91' lang='lat' dir='ltr'>ad</span> <span class='ocrx_word' id='word_1_174' title='bbox 799 2918 871 2972; x_wconf 89' lang='lat' dir='ltr'>Her.</span> <span class='ocrx_word' id='word_1_175' title='bbox 882 2916 1050 2986; x_wconf 82' lang='lat' dir='ltr'>textus),ad</span> <span class='ocrx_word' id='word_1_176' title='bbox 1061 2932 1156 2988; x_wconf 87' lang='lat' dir='ltr'>quern</span> <span class='ocrx_word' id='word_1_177' title='bbox 1169 2917 1331 2992; x_wconf 93' lang='lat' dir='ltr'>quodque</span> 
     </span>
     <span class='ocr_line' id='line_1_26' title="bbox 250 3005 1334 3080; baseline 0.001 -15"><span class='ocrx_word' id='word_1_178' title='bbox 250 3010 396 3065; x_wconf 86' lang='lat' dir='ltr'>scholion</span> <span class='ocrx_word' id='word_1_179' title='bbox 422 3009 566 3080; x_wconf 84' lang='lat' dir='ltr'>pertinet,</span> <span class='ocrx_word' id='word_1_180' title='bbox 591 3007 734 3077; x_wconf 85' lang='lat' dir='ltr'>significo</span> <span class='ocrx_word' id='word_1_181' title='bbox 752 3006 934 3078; x_wconf 87' lang='lat' dir='ltr'>eademque,</span> <span class='ocrx_word' id='word_1_182' title='bbox 951 3022 1022 3078; x_wconf 87' lang='lat' dir='ltr'>quae</span> <span class='ocrx_word' id='word_1_183' title='bbox 1039 3006 1071 3060; x_wconf 92' lang='lat' dir='ltr'>in</span> <span class='ocrx_word' id='word_1_184' title='bbox 1089 3005 1209 3076; x_wconf 90' lang='lat' dir='ltr'>codice,</span> <span class='ocrx_word' id='word_1_185' title='bbox 1228 3009 1334 3066; x_wconf 85' lang='lat' dir='ltr'>verba</span> 
     </span>
     <span class='ocr_line' id='line_1_27' title="bbox 249 3095 1333 3170; baseline 0.003 -18"><span class='ocrx_word' id='word_1_186' title='bbox 249 3099 406 3153; x_wconf 85' lang='lat' dir='ltr'>lemmatis</span> <span class='ocrx_word' id='word_1_187' title='bbox 430 3098 497 3153; x_wconf 79' lang='lat' dir='ltr'>vice</span> <span class='ocrx_word' id='word_1_188' title='bbox 522 3097 703 3166; x_wconf 81' lang='lat' dir='ltr'>funguntur.</span> <span class='ocrx_word' id='word_1_189' title='bbox 750 3097 907 3151; x_wconf 87' lang='lat' dir='ltr'>Asterisco</span> <span class='ocrx_word' id='word_1_190' title='bbox 931 3095 1023 3150; x_wconf 86' lang='lat' dir='ltr'>lectio</span> <span class='ocrx_word' id='word_1_191' title='bbox 1041 3095 1159 3150; x_wconf 87' lang='lat' dir='ltr'>incerta</span> <span class='ocrx_word' id='word_1_192' title='bbox 1181 3100 1333 3170; x_wconf 73' lang='lat' dir='ltr'>notatur,</span> 
     </span>
     <span class='ocr_line' id='line_1_28' title="bbox 249 3185 948 3258; baseline -0.006 -15"><span class='ocrx_word' id='word_1_193' title='bbox 249 3188 374 3243; x_wconf 90' lang='lat' dir='ltr'>duobus</span> <span class='ocrx_word' id='word_1_194' title='bbox 402 3187 450 3242; x_wconf 82' lang='lat' dir='ltr'>vel</span> <span class='ocrx_word' id='word_1_195' title='bbox 475 3187 621 3258; x_wconf 87' lang='lat' dir='ltr'>pluribus</span> <span class='ocrx_word' id='word_1_196' title='bbox 645 3186 803 3241; x_wconf 81' lang='lat' dir='ltr'>asteriscis</span> <span class='ocrx_word' id='word_1_197' title='bbox 826 3185 948 3240; x_wconf 90' lang='lat' dir='ltr'>lacuna.</span> 
     </span>
    </p>
   </div>
   <div class='ocr_carea' id='block_1_5' title="bbox 0 0 1362 4254">
    <p class='ocr_par' dir='ltr' id='par_1_6' title="bbox 0 0 1362 4254">
     <span class='ocr_line' id='line_1_29' title="bbox 0 0 1362 4254; baseline 0 0"><span class='ocrx_word' id='word_1_198' title='bbox 0 0 1362 4254; x_wconf 95' lang='lat' dir='ltr'> </span> 
     </span>
    </p>
   </div>
  </div>
 </body>
</html>
