2716 4254
598 183 774 243 .-39-

153 360 273 404 corum
307 360 420 403 suum.
469 341 508 403 ln
542 359 611 422 qua
645 361 679 404 re
715 341 834 405 Cicero
864 341 900 402 in
928 341 1084 404 oratione
1109 360 1220 423 repre·

152 449 273 512 hendit
307 448 566 527 Phormionem,
590 449 650 531 qui
679 468 759 512 rum
789 454 878 511 esset
901 448 936 510 in
962 448 1114 531 hospitio
1139 467 1219 510 cum

154 556 350 619 Hannibale
366 555 574 639 loquebatur
589 554 631 619 de
648 555 828 639 praeceptis
845 556 893 619 rei
910 555 1081 618 militaris.
1122 554 1221 618 Unde

153 664 391 744 interrogatus,
416 663 502 746 quid
529 663 670 727 sentiret
694 663 736 726 de
761 664 983 743 Phormione,
1008 661 1159 725 ostendit
1182 682 1219 727 se

153 772 280 834 multos
313 789 414 834 senes
448 769 575 834 deliros
607 771 746 850 vidisse,
775 771 835 834 sed
869 772 977 852 magis
1008 773 1220 838 Phormione

152 878 319 941 nullum.¹

241 1021 297 1100 Ill,
314 1024 356 1083 52
372 1018 394 1104 ξ
410 1023 452 1084 65
477 1020 647 1103 dipnilulis
663 1021 839 1105 qualitatis
857 1021 942 1101 eius,
958 1023 1054 1087 iuxta
1072 1023 1216 1087 modum

148 1128 325 1211 qualitatis
348 1147 505 1211 personae
530 1127 687 1211 quidem:
713 1131 820 1192 homo
845 1129 983 1213 sapiens
1000 1137 1033 1194 et
1049 1130 1218 1194 discretus

146 1235 378 1298 introducitur
401 1236 547 1318 loquens
572 1235 662 1298 sicut
682 1235 821 1318 sapiens
839 1243 871 1300 et
887 1237 1071 1315 discretus3
1089 1238 1219 1302 femina

146 1343 235 1406 sicut
271 1342 401 1406 femina
435 1349 467 1405 et
500 1343 595 1407 levis.
643 1344 685 1405 Et
714 1343 764 1405 sic
788 1343 831 1406 de
855 1344 943 1407 aliis.
992 1345 1157 1408 Horatius
1182 1346 1217 1408 in
1283 1341 1286 1347 ’

144 1456 217 1513 arte
242 1450 375 1531 poetica
400 1449 443 1513 de
468 1449 757 1514 sermocinatione
774 1452 841 1513 hoc
858 1450 956 1514 dicit:
976 1451 1140 1535 'Scriptor
1155 1453 1216 1516 ho-

144 1563 307 1620 noratum
344 1556 372 1618 si
404 1557 499 1621 forte’
527 1554 616 1637 etc.‚2
641 1557 701 1619 ubi
733 1558 861 1621 format
886 1557 1030 1622 modum
1056 1559 1217 1622 sermoci-

144 1664 265 1742 nandi,
291 1664 312 1726 i.
338 1684 365 1727 e.
391 1663 634 1728 introducendi
658 1684 855 1747 personam.

236 1807 292 1885 lv,
317 1809 358 1869 53
389 1805 411 1890 ξ
440 1810 482 1870 66
520 1807 748 1889 Conformulio
781 1807 908 1871 dicitur
939 1807 1168 1894 προσωποποιὶα
1201 1829 1220 1872 a

144 1913 445 1977 Graecis——-—
467 1914 523 1977 Sic
547 1913 767 1977 describitur:
803 1915 1041 1980 Conformatio
1074 1923 1124 1979 est
1158 1916 1218 1978 ali-

143 2022 243 2084 cuius
269 2041 437 2103 personae,
462 2041 540 2104 quae
565 2041 635 2083 non
660 2020 768 2100 adest,
793 2021 893 2105 quasi
919 2022 1020 2102 adsit,
1037 2023 1091 2086 vel
1114 2028 1218 2085 mutae

142 2128 190 2191 rei
224 2134 284 2190 aut
318 2128 489 2208 informis,
513 2128 614 2212 quasi
644 2129 688 2191 sit
717 2128 883 2211 eloquens
908 2135 941 2192 et
964 2131 1125 2210 formata,
1150 2149 1218 2192 ser-

143 2235 259 2298 monis
284 2241 343 2298 aut
360 2236 507 2298 alicuius
525 2235 672 2300 actionis
689 2236 784 2298 iuxta
801 2237 1004 2320 qualitatem
1022 2255 1218 2301 accommo-

142 2342 248 2405 datio.
296 2343 357 2405 Vel
382 2342 447 2406 sic:
474 2343 713 2407 Coniormatio
738 2348 788 2406 est
811 2363 960 2426 persona
985 2344 1118 2426 poetice
1135 2344 1215 2406 ficta

140 2450 186 2512 ad
218 2449 405 2512 dicendum
436 2449 580 2533 aliquid.
628 2450 671 2512 Et
701 2444 765 2512 iste
795 2450 890 2512 color
920 2451 994 2513 sine
1024 2450 1133 2513 dubio
1164 2456 1216 2514 est

139 2577 266 2636 rerum,
303 2557 385 2640 quia
420 2557 530 2620 oratio
566 2563 720 2635 ornatur,
756 2557 899 2640 quando
933 2559 1126 2621 inanimata
1151 2577 1216 2636 res,

141 2664 231 2727 sicut
264 2683 355 2746 aqua
384 2671 444 2726 aut
468 2664 590 2727 civitas
622 2670 681 2726 aut
705 2663 832 2745 aliquis
858 2671 1016 2727 mortuus
1040 2664 1217 2728 inducitur

143 2772 290 2854 loquens
321 2778 353 2834 et
381 2771 581 2834 attribuitur
610 2772 638 2834 ei
664 2770 776 2834 forma
805 2771 944 2835 feminae
969 2777 1029 2834 aut
1053 2772 1151 2840 viri.¹
1176 2772 1218 2834 Et

142 2878 221 2941 licet
248 2878 407 2942 videatur
430 2878 616 2941 convenire
640 2897 720 2941 curn
746 2878 1038 2942 sermocinatione
1063 2879 1098 2941 in
1124 2878 1216 2940 illius

142 2984 265 3049 ultima
291 2993 398 3068 parte,
422 2991 539 3048 tamen
556 2985 681 3063 differt,
701 2984 857 3068 quiahic
875 3005 1024 3067 persona
1040 2985 1218 3049 inducitur

141 3093 288 3174 loquens
322 3099 381 3155 aut
415 3110 519 3174 agens
553 3091 686 3174 aliquid
704 3092 832 3155 -—l1oc
865 3098 916 3154 est
947 3092 1152 3170 differentia,
1181 3093 1216 3154 in

143 3218 302 3280 persona,
339 3220 416 3282 quae
453 3219 524 3262 non
560 3206 611 3262 est
647 3219 710 3262 nec
740 3205 966 3281 potestesse,
993 3218 1055 3262 nec
1079 3198 1216 3282 proprie

141 3305 268 3367 dicitur
299 3303 540 3392 προσωποποιία,
570 3306 637 3368 nisi
672 3324 821 3389 persona
855 3305 1105 3384 introducatur,
1139 3325 1216 3388 quae

140 3431 211 3475 non
245 3414 356 3496 possit
389 3414 497 3497 loqui,
529 3419 567 3475 ut
602 3415 709 3476 homo
742 3420 900 3476 mortuus
924 3413 978 3476 vel
1002 3432 1053 3492 ea,
1078 3433 1155 3495 quae
1180 3411 1217 3473 in

139 3518 228 3583 libro
252 3528 440 3603 ponuntur.
489 3521 743 3585 sermocinatio
768 3524 848 3584 iero
874 3540 944 3582 non
967 3520 1025 3599 ita,
1042 3519 1125 3601 quia
1141 3519 1216 3601 ipsa

140 3628 179 3688 lit
207 3628 430 3710 indialogis,
455 3629 514 3691 ubi
541 3627 774 3691 introducitur
797 3646 945 3709 persona
971 3626 1117 3709 loquens
1142 3632 1216 3688 tan·

234 3896 242 3930 ¹
261 3906 321 3960 Cir.
341 3906 378 3960 ‹le
396 3922 440 3959 or.
461 3907 497 3969 ΙΙ,
516 3908 548 3960 18
566 3907 583 3971 ξ
599 3906 642 3960 75.
692 3894 703 3930 2
723 3905 798 3959 llor.
816 3904 854 3958 dc
872 3907 938 3988 ¹arte
956 3907 1041 3975 poet.
1056 3904 1123 3956 tto.
