2716 4254
590 182 768 242 „55-

138 336 172 399 in
210 336 302 400 idern
339 337 491 401 incidere
525 344 559 400 et
595 357 709 401 rerum
745 345 778 401 et
812 339 1000 403 verborum
1027 339 1211 403 ordinatio.

139 442 231 507 Dicit
263 442 395 527 itaque:
428 444 636 508 Distributio
667 452 720 508 est
751 445 900 509 alicuius
932 447 1068 528 negotii
1099 445 1212 510 multis

137 549 240 613 rebus
275 551 328 614 ret
364 551 484 614 uiuitis
515 551 673 634 personis
704 551 895 632 attributio,
918 553 941 616 i.
964 573 995 616 e.
1021 553 1211 636 assignatio

137 656 354 740 negotiorum
387 664 448 720 aut
482 657 679 721 officiorum
703 658 749 721 ad
771 659 907 742 aliquas
930 679 987 723 res
1011 667 1076 724 aut
1100 679 1211 744 perso·

137 783 272 827 nasam—
287 800 331 808 —
355 764 416 827 Est
438 771 553 828 autem
578 766 840 839 sententiarum,
857 786 928 830 non
951 767 1146 831 verborum
1162 788 1211 832 or·

136 878 250 950 natus,
275 877 455 955 propterea
477 871 572 954 quod
588 873 680 936 hanc
696 872 992 955 pulchritudinem
1015 893 1092 938 uon
1110 875 1211 940 efficit

137 978 322 1042 verborum
339 979 564 1057 constructio,
580 979 641 1042 sed
656 979 832 1043 distinctio
849 999 975 1043 rerum.
1008 981 1079 1044 iste
1096 988 1210 1045 autem

136 1086 233 1149 color
264 1084 460 1149 distributio
493 1091 544 1147 est
576 1086 711 1168 primus
743 1086 839 1150 color
861 1087 1130 1168 sententiarum,
1154 1089 1209 1172 qui

137 1186 591 1279 dcuvrpq'1graecedicitrrr.
641 1193 678 1254 ln
703 1193 798 1274 grari
822 1194 931 1275 figura
962 1200 1078 1276 potest
1101 1196 1210 1259 valere
1273 1270 1275 1289 Ι

137 1305 169 1362 ct
203 1299 237 1363 in
263 1298 418 1363 iudiciali
442 1318 574 1381 genere.
623 1299 662 1362 In
687 1306 818 1363 remota
842 1301 1104 1365 constructione
1130 1302 1210 1386 poni

138 1413 258 1490 potest.
308 1406 346 1469 ln
378 1405 644 1470 confirmatione
672 1413 705 1469 et
728 1407 995 1489 reprehensione
1020 1415 1139 1490 potest
1162 1410 1210 1472 in·

137 1513 253 1578 terseri
278 1518 310 1575 et
335 1512 369 1574 in
396 1512 473 1575 aliis
497 1512 602 1575 etiam
619 1512 787 1595 partibus,
805 1513 956 1577 maxime
971 1533 1055 1578 vero
1073 1515 1113 1578 in
1131 1535 1210 1580 con·

137 1619 301 1683 ‹elusione

230 1797 284 1875 IV,
309 1801 352 1860 36
375 1800 397 1878 ξ
421 1798 463 1859 48
488 1795 633 1860 Licentia
658 1802 702 1860 est
723 1799 899 1886 παῤῥησία,
921 1800 1022 1881 quasi
1045 1803 1211 1884 quaedam

138 1905 325 1970 euictoritas
351 1903 637 1987 reprehendendi.
671 1904 886 1968 Describitur
902 1905 965 1968 sic:
984 1907 1147 1974 Licentia
1164 1917 1212 1975 est

140 2012 291 2090 illorum,
315 2030 403 2095 quos
428 2030 588 2073 veremur
610 2011 662 2073 νε]
689 2011 889 2091 metuimus,
902 2013 977 2076 sine
994 2013 1086 2078 iusta
1104 2018 1211 2081 offen·

137 2119 233 2183 sione
269 2116 430 2200 (luendam
468 2117 700 2200 reprehensio,
737 2117 757 2180 i.
783 2137 811 2181 ε.
837 2118 974 2183 licentia
1004 2127 1057 2184 est
1081 2124 1210 2188 securi-

138 2233 188 2289 tns
223 2242 328 2288 causa
360 2223 552 2305 corrigendi
586 2225 637 2287 vel
675 2225 851 2288 simulatio
884 2227 1077 2291 securitatis
1104 2250 1211 2295 causa

137 2331 304 2396 nriiriaudi
341 2332 391 2394 rel
429 2331 645 2407 blandiendi3
686 2331 786 2413 quasi
821 2331 958 2413 diceret,
988 2335 1130 2400 licentia
1164 2342 1213 2402 est

139 2438 357 2523 reprehensio
395 2437 487 2500 licita
524 2438 576 2500 rel
616 2438 809 2520 corrigendi
846 2439 1023 2521 securitaS,
1060 2463 1135 2506 non
1172 2465 1212 2509 ex

137 2544 219 2609 odio
256 2551 315 2609 arn
351 2544 520 2621 irrisione,
555 2544 615 2607 sed
640 2564 681 2606 ex
705 2564 823 2608 amore
847 2546 1003 2624 veniens3
1025 2549 1080 2612 νε]
1106 2530 1212 2615 etiam

137 2651 273 2716 licentia
307 2656 357 2715 cst
387 2650 452 2713 sub
482 2650 594 2733 specie
628 2651 833 2714 securitatis.
854 2672 946 2716 verae
979 2653 1088 2719 latens
1106 2658 1211 2722 ··'adu·

139 2759 229 2823 intio.
281 2759 320 2821 m
356 2763 457 2842 patet,
494 2757 589 2839 quod
623 2764 764 2820 ornatus
800 2759 863 2822 iste
894 2780 1007 2824 rerum
1043 2769 1106 2837 est,
1141 2785 1211 2830 non

140 2866 335 2937 rerimrurn,
360 2864 441 2947 quin
472 2884 540 2927 non
566 2883 606 2926 ex
631 2866 887 2929 constructione
910 2869 1056 2950 pulchra
1080 2891 1148 2936 nec
1172 2893 1212 2937 ex

139 2971 358 3037 ordinatione
383 2971 567 3034 verborum
594 2971 720 3054 pendet
744 2972 801 3035 hic
825 2980 977 3037 ornatus.
1025 2976 1091 3040 Sed
1116 2981 1213 3043 venit

139 3100 177 3142 ex
213 3079 299 3163 ipsis
334 3078 447 3149 rebus,
471 3078 565 3160 quod
598 3077 644 3140 itu
669 3077 759 3141 licite
784 3079 835 3141 vel
861 3080 1021 3144 simulate
1045 3083 1214 3151 dicuntur

139 3186 182 3250 ud
209 3183 470 3250 blnruiiemlum.
520 3185 601 3247 Haec
634 3191 748 3248 auteur
781 3186 961 3264 exornatio
988 3188 1149 3263 inomni
1173 3197 1212 3258 sr-

138 3310 221 3375 gurn
256 3311 353 3375 aeque
387 3292 487 3359 rnlet,
518 3290 553 3353 iu
587 3291 859 3356 demonstrativa
891 3295 1082 3376 plurimum
1117 3308 1152 3364 et
1176 3302 1213 3365 in

139 3398 372 3463 deliberativo.
423 3397 460 3461 in
485 3397 748 3461 continuatione
773 3405 806 3461 et
829 3402 1095 3483 reprehensione
1115 3408 1214 3473 simi-

140 3505 214 3569 liter
253 3505 352 3570 rotet.
414 3504 567 3569 Primum
608 3521 716 3585 genus
755 3504 901 3570 licentiae
940 3509 997 3572 bic
1034 3510 1214 3599 describit,

140 3618 257 3696 posteo
271 3610 464 3675 stutendum
478 3611 647 3675 describet
660 3617 692 3673 et
705 3614 861 3695 exempla
879 3616 1014 3698 utrique
1031 3625 1213 3704 supponit.

231 3878 237 3911 ¹
264 3885 423 3959 «nonme.
