2716 4254
587 178 763 238 ..74-

139 355 254 399 rerum
275 334 541 399 similitudinem
558 336 653 399 iuxta
671 356 802 400 morem
820 337 1058 421 loquentium3
1077 344 1211 422 utputa

138 442 288 507 dicimus
302 438 485 528 ’iniustani
497 461 640 507 causam
655 443 690 507 in
704 443 769 506 me’
783 451 816 508 et
838 443 959 528 ’aquas
976 465 1110 510 somno
1127 445 1210 528 sopi-

41 600 44 605 .
138 550 199 612 tas’
226 556 259 614 et
282 549 352 613 'nix
376 550 490 613 albet'.
514 585 558 594 —
581 584 625 596 -
648 586 692 595 -

229 694 285 772 lV,
309 695 351 756 34
374 695 397 778 ξ
420 695 463 755 45
488 692 605 776 cupide
628 694 714 758 Sunt
739 693 832 757 enim
857 693 1001 777 quidam
1024 696 1151 779 cupidi
1167 696 1208 760 la·

138 800 250 864 ciendi
287 800 530 864 translationes
567 807 599 864 et
634 806 885 879 transcurrunt,
920 801 941 864 i.
976 821 1004 865 e.
1041 803 1209 866 excedunt

138 908 247 989 legem
280 906 517 971 translationis
551 907 789 971 transferendo
823 907 859 970 in
893 928 966 972 rem
990 909 1207 974 dissimilem.

139 1015 181 1078 Et
214 1014 328 1078 differt
351 1034 371 1077 a
396 1014 646 1092 nominatione,
680 1015 714 1077 in
740 1034 809 1097 qua
833 1022 884 1079 est
908 1021 968 1078 aut
991 1035 1086 1080 nova
1112 1037 1207 1082 roca·

138 1121 211 1184 buli
244 1121 398 1185 inventio
430 1128 489 1184 aut
525 1141 616 1186 nova
648 1121 775 1204 positio
802 1122 964 1186 vocabuli
988 1122 1061 1187 iam
1086 1124 1208 1207 reperti

138 1235 170 1291 et
194 1248 290 1293 more
314 1228 465 1307 insolito,
489 1229 547 1292 hic
571 1235 687 1292 autem
704 1248 786 1308 non,
803 1229 863 1292 sed
881 1247 977 1292 more
993 1230 1111 1295 solito.
1130 1269 1165 1278 —
1180 1267 1208 1277 —

229 1372 284 1447 lV,
310 1373 352 1434 34
375 1369 456 1453 §46
478 1363 679 1434 Permutatio
700 1371 805 1435 latine
826 1369 1011 1456 dicitlitlur,
1034 1369 1209 1456 α’ντιλογία

52 1483 54 1487 ’
138 1481 189 1543 vel
207 1475 389 1565 ἀλληγορία
406 1496 523 1560 graece,
539 1498 600 1560 per
621 1477 885 1541 similitudinem
906 1484 1090 1562 tamquam
1106 1489 1209 1544 meta·

138 1587 296 1670 phocam.
331 1585 426 1648 Sicut
449 1586 524 1648 haec
548 1605 583 1648 se
608 1586 698 1648 male
723 1585 827 1648 habet
851 1605 915 1663 res,
932 1586 1075 1666 quando
1092 1595 1210 1670 pastor

138 1692 289 1756 comedit
322 1691 440 1755 ovium
474 1711 605 1755 carnes.
658 1692 870 1756 Permutatio
904 1699 964 1772 est,
997 1711 1080 1757 cum
1117 1695 1209 1759 aliud

137 1800 321 1863 videantur
351 1799 457 1863 verba
489 1819 624 1880 sonare,
658 1799 797 1863 alterius
831 1799 1008 1863 sententiae
1038 1799 1158 1866 brevis
1181 1808 1210 1865 et

138 1908 298 1971 absoluta
331 1907 591 1985 demonstratio,
620 1906 641 1968 i.
667 1926 694 1969 e.
720 1926 801 1969 cum
834 1926 895 1988 per
926 1906 1063 1990 aliquas
1087 1908 1209 1973 dictio·

139 2035 199 2079 nes
215 2013 309 2077 ¹suas
334 2034 387 2077 res
412 2013 650 2095 significamus
674 2021 706 2076 et
729 2020 813 2077 tunc
836 2033 897 2096 per
920 2013 1006 2076 alias
1030 2013 1112 2078 illas
1137 2037 1208 2099 per·

140 2122 334 2205 pendimus
370 2157 414 2165 -
444 2158 487 2165 —-
514 2156 557 2165 —-
593 2120 693 2203 quasi
729 2120 866 2200 diceret,
902 2122 1115 2203 permutatio
1153 2130 1210 2202 est,

138 2227 280 2310 quando
304 2227 418 2290 verbis
443 2226 680 2309 significamus
704 2248 769 2307 reS,
792 2227 919 2310 quibus
943 2246 996 2291 res
1020 2227 1110 2293 alias
1137 2227 1208 2315 lresl

138 2336 384 2418 significamus.
432 2334 527 2398 Sicut
555 2334 591 2396 in
624 2334 814 2416 parabolis:
850 2333 941 2397 Exiit
973 2334 1033 2416 qui
1059 2337 1210 2400 seminat

139 2443 309 2506 seminare
334 2461 450 2505 semen
476 2439 609 2504 suuml.
642 2441 754 2504 Verba
770 2441 827 2504 hic
843 2440 1040 2523 significant
1056 2461 1113 2505 res
1131 2463 1207 2526 pro·

139 2550 212 2632 prie
236 2570 328 2625 suas,
352 2536 413 2612 sed
437 2568 498 2630 per
521 2549 597 2611 illas
622 2548 708 2611 alias
730 2548 982 2630 significamus:
1000 2567 1062 2631 per
1078 2568 1209 2629 semen,
1247 2555 1252 2571 '

139 2657 284 2721 verbum
318 2656 392 2737 Dei,
417 2675 478 2738 per
500 2656 764 2739 seminatorem,
781 2655 1053 2737 praedicatorem.
1103 2657 1211 2738 Igitur

139 2764 346 2848 permutatio
371 2769 432 2842 est,
456 2783 536 2825 curn
561 2783 622 2845 per
645 2782 698 2825 res
722 2764 932 2844 significatas
956 2762 1136 2844 aliquibus
1152 2784 1209 2828 ro·

139 2873 273 2936 cabulis
303 2871 380 2935 aliae
414 2891 467 2933 res
492 2870 740 2951 intelliguntur.
794 2873 836 2934 Et
868 2871 994 2934 dicitur
1026 2866 1211 2959 ἀλληγορία

139 2999 257 3062 graece.
306 2981 348 3041 Et
381 2978 494 3041 differt
518 2998 538 3040 a
562 2978 798 3057 translatione,
832 2978 913 3061 quia
944 2976 993 3040 ibi
1016 2976 1212 3041 traducitur

141 3088 349 3151 vocabulum
383 3086 426 3148 de
459 3084 598 3167 propria
627 3084 878 3166 significatione
914 3084 958 3147 ad
994 3083 1099 3148 aliam
1137 3104 1209 3148 rem

139 3194 416 3278 significandam,
441 3193 497 3255 hic
524 3211 602 3255 vero
627 3199 782 3255 remanet
806 3193 841 3255 in
866 3211 929 3256 sua
950 3189 1091 3275 propria
1104 3190 1208 3273 signi-

139 3303 311 3377 licatione,
336 3301 356 3363 i.
383 3321 409 3363 e.
436 3301 472 3362 in
497 3299 748 3380 significatione
773 3319 898 3379 rerum,
923 3298 967 3361 ad
992 3317 1080 3381 quas
1105 3297 1208 3381 signi-

139 3410 294 3474 ficandas
318 3415 399 3471 sunt
423 3409 573 3485 inventa,
590 3412 623 3469 et
646 3427 686 3469 ex
704 3407 752 3470 eis
769 3407 865 3469 aliud
882 3404 1093 3487 intelligitur.
1127 3406 1210 3468 Haec

139 3516 317 3581 exornatio
341 3521 453 3599 potest
475 3515 597 3595 valere,
622 3514 682 3577 ubi
707 3521 739 3577 et
762 3512 942 3576 translatio
966 3518 999 3575 et
1023 3511 1067 3574 ad
1085 3513 1208 3596 ampli·

139 3624 317 3687 ficandurn
342 3622 543 3706 plurimum.

231 3871 241 3908 1
266 3884 379 3953 Evang.
406 3899 428 3935 S.
455 3882 572 3936 Lucam
597 3876 689 3951 (vers,
715 3878 806 3948 vulg.)
829 3879 854 3945 8,
879 3883 902 3932 5.
