2716 4254
591 181 768 243 ...45-

143 339 371 422 paedagogum
396 356 513 401 meum
543 341 736 416 consulere3
761 337 844 421 quia
868 345 1067 422 stupescens
1093 361 1133 404 ex
1158 361 1213 404 su·

141 447 216 511 hita
240 445 471 529 appellatione
496 445 670 508 nesciebat
694 445 778 528 quid
803 447 1018 529 respondere.

231 553 291 616 Vel
315 553 374 617 ita:
411 553 489 616 Sine
512 551 725 629 considerare,
743 553 764 616 i.
783 574 810 616 e.
829 554 1013 635 inquirere,
1029 556 1208 638 quomodo

141 661 274 725 factum
298 660 353 740 sit,
372 667 410 723 ct
433 667 512 743 post
535 660 598 723 tibi
622 660 760 741 faciam,
785 661 880 743 quod
903 681 1043 744 aequurn
1068 664 1139 728 erit.

233 805 288 884 lV,
317 806 356 866 10
379 802 467 888 §15
492 803 605 866 Prisca
630 802 744 867 verbal
760 805 781 867 i.
804 824 832 867 e.
850 805 1004 887 antiqua,
1029 805 1130 869 sicut.
1140 807 1212 889 pla-

140 911 252 983 tinam
272 907 320 996 (‘l),
341 911 436 974 durae
461 911 707 993 translationis,
724 918 762 974 ut
778 912 870 975 illius
887 913 947 994 qui
963 914 1024 976 ait:
1051 914 1210 976 ’Dumeta

139 1018 326 1133 Rorphyrii
361 1019 485 1082 cutello
510 1018 654 1082 rationis
683 1019 979 1120 eviscerabimus'3
1004 1021 1110 1083 verba
1133 1041 1211 1102 quae

140 1132 223 1190 sunt
246 1125 388 1190 maioris
413 1126 576 1209 ponderis
600 1145 706 1208 quarn
729 1127 948 1210 propositum
972 1129 1133 1210 postulat.

232 1232 350 1296 Priscis
384 1233 536 1297 Remotis
570 1233 614 1295 ab
643 1254 709 1296 usu
733 1254 803 1317 prae
828 1235 1042 1316 antiquitate,
1067 1241 1105 1296 ut
1129 1228 1212 1298 sun't

141 1341 246 1403 verba
269 1341 382 1404 Plauti
407 1347 439 1403 et
463 1341 568 1404 Ennii
592 1347 624 1403 et
639 1323 769 1404 talium
795 1341 1029 1423 antiquorum,
1054 1362 1132 1424 quae
1154 1343 1210 1404 de·
1277 1360 1282 1367 ·

145 1447 251 1510 missa
274 1456 364 1511 sunt.

230 1556 296 1618 Aut
327 1554 450 1618 duriter
478 1554 655 1619 translatis.
704 1557 747 1619 Ut
771 1562 822 1618 est
845 1557 932 1619 dura
956 1555 1148 1637 translatio,
1174 1563 1212 1619 ut

140 1661 171 1725 si
195 1662 274 1744 quis
298 1662 403 1726 dicat:
453 1663 672 1726 ’Eviscerabo
696 1663 837 1726 dumeta
864 1663 1045 1747 Porphyrii
1070 1664 1137 1727 telo
1158 1683 1211 1726 ra-

137 1770 268 1833 tionis’.
317 1771 485 1833 'Dunrcta'
511 1791 573 1853 pro
599 1770 838 1848 ’difficultate’3
864 1772 951 1834 ’telo'
978 1791 1039 1834 seu
1064 1771 1209 1834 'catello'

141 1897 205 1960 pro
231 1878 411 1942 ’acumine’
437 1878 579 1960 ponitur
603 1878 669 1940 hio.

232 2023 287 2102 lV,
316 2025 355 2084 10
378 2020 401 2105 ξ
427 2023 466 2084 15
497 2021 530 2083 in
567 2019 749 2103 Neptunias
784 2022 924 2083 lacunas
954 2041 1000 2084 sc.
1037 2020 1071 2082 in
1107 2039 1210 2082 mare.

142 2129 187 2192 Et
211 2134 261 2191 est
284 2129 432 2210 graviter
455 2128 587 2192 dictum
611 2135 644 2191 et
667 2115 780 2209 gravis
804 2129 984 2192 translatio
1009 2134 1042 2191 et
1065 2128 1162 2192 dura.

232 2238 390 2319 Depultus
425 2256 488 2318 pro
524 2236 699 2317 depulsus.
748 2236 803 2299 Sic
840 2236 984 2317 antiqui,
1018 2255 1037 2298 a
1067 2235 1212 2317 depello,

140 2343 209 2407 -lis.
258 2345 348 2406 Nam
372 2343 505 2425 antiqui
535 2344 611 2406 loco
635 2364 651 2405 s
674 2343 850 2424 ponebant
874 2347 886 2404 t
909 2350 946 2405 ut
970 2343 1124 2423 'pultare'
1150 2362 1212 2424 pro

143 2451 313 2533 'pulsare’.

233 2595 288 2673 lV,
316 2597 354 2656 13
379 2592 401 2677 q
433 2596 471 2656 18
502 2593 658 2676 insignita
682 2629 723 2637 -
749 2630 793 2636 —
816 2629 858 2637 -
884 2592 1085 2655 Notandum
1118 2591 1211 2674 quod

142 2700 287 2763 istorum
313 2702 470 2764 colorum
495 2700 638 2783 quidam
657 2701 765 2782 magis
782 2701 898 2763 valent
914 2700 957 2762 ad
977 2719 1085 2761 unum
1104 2717 1212 2781 genus
1281 2720 1287 2729 ·

141 2827 256 2870 causae
281 2828 387 2890 quam
412 2808 455 2870 ad
481 2807 587 2885 aliud,
612 2808 756 2890 quidam
778 2807 887 2889 magis
905 2806 948 2868 ad
966 2826 1075 2868 unuin
1093 2806 1212 2867 stilum

141 2935 248 2996 quarn
284 2916 328 2977 ad
362 2916 480 2991 aliurn,
516 2916 660 2996 quidam
685 2915 729 2977 ad
754 2934 861 2977 unam
886 2919 1017 2996 partem
1043 2912 1211 2975 orationis

141 3022 321 3085 rhetoricae
353 3029 384 3084 et
409 3043 479 3085 non
504 3023 548 3084 ad
574 3023 668 3085 alias.
718 3024 760 3085 Et
784 3022 861 3084 ideo
886 3021 1066 3101 diligenter
1089 3027 1140 3082 ost
1163 3026 1211 3081 at-

142 3129 356 3192 tendendum
382 3151 423 3192 ex
446 3130 560 3193 rerbis
586 3129 735 3192 auctoris
760 3135 792 3191 ot
816 3127 981 3210 exemplis
1006 3134 1038 3189 et
1062 3127 1213 3209 proprie-

142 3235 283 3317 tatibus,
308 3257 394 3318 quas
424 3244 544 3300 auctor
568 3238 720 3318 assignat
745 3237 804 3316 εἰς,
829 3235 907 3317 quis
931 3235 1027 3298 color
1050 3234 1094 3297 ad
1119 3235 1212 3315 quod

141 3361 250 3425 genus
275 3363 399 3424 causae,
424 3344 468 3407 ad
493 3364 596 3425 quern
621 3344 749 3418 stilum,
775 3343 949 3424 adquam
981 3347 1114 3424 partem
1139 3360 1213 3403 ora-

112 3531 117 3538 Ι
142 3449 248 3514 tionis
272 3451 452 3513 rhetoricae
482 3451 591 3533 magis
616 3451 808 3514 conveniat.
856 3447 984 3527 Quod'2
1010 3448 1112 3510 etiarn
1138 3448 1211 3530 ipse

144 3565 265 3621 auctor
298 3558 334 3619 in
370 3558 545 3620 coloribus
576 3557 788 3640 quibusdam
812 3557 974 3637 assignat,
999 3562 1037 3617 ut
1061 3574 1121 3637 per
1144 3556 1211 3618 hoc

239 3787 251 3823 ¹
275 3797 387 3868 priscis
411 3797 516 3852 verbis
541 3800 637 3854 textus
661 3811 717 3853 rec,

238 3879 250 3920 ²
273 3885 350 3961 quid
374 3887 404 3942 h.
