2716 4254
584 190 761 250 „52-

139 357 189 413 est
214 351 304 412 dicta
330 349 440 411 oratio
465 348 508 410 ad
535 368 673 411 morum
698 348 961 413 instructionem
987 357 1021 414 et
1039 352 1210 433 signitica-

140 458 271 520 tionem
296 476 411 519 rerum
435 456 663 539 pertinentem
688 455 733 518 ad
751 456 920 520 rationem
937 457 1016 521 vitae
1034 459 1214 524 institutae.

141 565 230 627 Alibi
262 563 496 647 proverbium,
521 562 603 625 alibi
633 563 831 625 communis
856 565 952 628 locus
977 573 1214 651 nuncupatur.

142 672 321 734 ---—ln
351 670 575 734 deliberativo
605 687 727 751 genere
758 671 909 734 maxime
939 673 1041 752 valet,
1067 674 1152 737 licet
1181 675 1215 737 in

140 779 229 855 aliis,
253 780 297 841 ad
322 777 630 860 amplificationem
655 778 729 841 sine
750 777 868 842 dubio.
910 780 1078 843 Mediocri
1095 782 1215 863 ligurae

141 888 228 950 bene
244 885 416 964 convenit,
433 885 514 967 quia
526 885 703 948 moralitas
718 885 761 948 ad
772 885 1046 950 mediocritatem
1055 889 1214 972 pertinet.

232 1012 287 1089 lV,
314 1014 352 1073 17
377 1006 400 1093 {3¹
424 1011 466 1071 24
498 1009 670 1092 simplices,
710 1011 778 1073 Dat
811 1011 998 1093 intelligere
1031 1033 1109 1077 esse
1147 1034 1216 1077 non

142 1119 327 1202 simplices
368 1118 410 1179 Et
434 1117 511 1180 ideo
533 1137 720 1199 possumus
737 1119 841 1181 talem
859 1119 1068 1183 divisionem
1086 1121 1215 1186 facere:

142 1225 316 1290 Sententia
342 1224 409 1287 alia
434 1224 592 1306 simplex,
616 1224 683 1287 alia
709 1225 851 1307 duplex;
870 1226 1028 1309 simplex,
1045 1228 1116 1291 alia
1136 1248 1215 1292 curn

141 1334 285 1412 ratione,
309 1332 377 1396 alia
403 1331 476 1394 sine
501 1331 644 1394 ratione.
686 1331 850 1396 Similiter
873 1333 1012 1416 duplex,
1036 1335 1107 1397 alia
1135 1355 1216 1399 cum

143 1441 286 1520 ratione,
303 1439 371 1502 alia
388 1439 462 1501 sine
479 1438 621 1501 ratione.
663 1439 851 1521 Hucusque
868 1460 948 1504 vero
965 1441 1084 1524 posuit
1100 1462 1217 1507 exem-

141 1550 199 1631 pla
233 1548 276 1610 de
307 1546 457 1629 simplici
489 1546 563 1608 sine
587 1545 730 1624 ratione,
755 1546 860 1609 modo
885 1554 989 1630 ponet
1013 1552 1217 1634 exemplum

144 1656 186 1718 de
211 1653 359 1736 simplici
382 1673 462 1715 cum
480 1653 626 1728 ratione;
644 1658 764 1734 postea
781 1653 824 1716 de
840 1653 970 1737 duplici
988 1655 1063 1720 sine
1080 1657 1218 1722 ratione

143 1769 176 1827 et
198 1762 243 1825 ad
268 1761 430 1823 ultimum
455 1760 497 1823 de
521 1759 652 1842 duplici
676 1779 756 1822 cum
781 1761 923 1825 ratione.

233 1889 289 1966 IV,
308 1891 348 1949 18
372 1886 452 1969 §25
479 1883 699 1950 Contrarium.
726 1884 957 1950 Commendat
972 1888 1139 1969 colorem,
1158 1890 1217 1973 qui

142 1995 268 2057 dicitur
284 1993 508 2056 contrarium.
545 1991 649 2055 Color
665 1992 759 2054 euim
776 1993 839 2056 iste
856 1993 993 2057 videtur
1008 1994 1103 2059 idem
1121 1997 1218 2080 quod

142 2100 328 2164 contentio.
366 2100 409 2161 Et
433 2099 511 2162 ideo
536 2098 689 2179 assignat
714 2099 944 2164 differentiam
962 2101 1051 2164 inter
1067 2102 1140 2166 illa.
1178 2105 1220 2166 Et

143 2209 176 2270 iu
210 2209 276 2271 hoc
307 2206 481 2285 differunt,
505 2206 600 2289 quod
632 2206 689 2269 hic
718 2227 828 2270 unum
853 2208 1065 2271 contrarium
1091 2212 1219 2293 probat

142 2315 250 2394 aliud,
281 2314 317 2376 in
349 2314 568 2377 contentione
600 2334 681 2377 xero
710 2315 847 2377 nullum
871 2315 996 2398 probat
1018 2315 1128 2380 aliud.
1180 2319 1219 2380 In

143 2422 367 2486 deliberativo
392 2439 514 2502 genere
538 2421 639 2500 valet,
664 2421 725 2484 sed
750 2442 970 2505 summopere
995 2423 1029 2485 in
1048 2423 1217 2501 iudiciali,

144 2531 226 2612 quia
251 2529 401 2592 ostendit
425 2528 509 2610 quid
534 2529 578 2590 sit
601 2529 665 2591 riri
692 2528 788 2591 fortis
806 2530 859 2592 vel
876 2529 987 2612 probi.
1024 2531 1125 2593 Valet
1142 2533 1218 2615 ptu-

145 2638 274 2700 rimum
292 2637 327 2698 in
346 2635 542 2698 narratione
559 2641 591 2698 et
608 2636 871 2700 confirmatione
888 2643 921 2700 et
937 2638 1218 2720 reprehensione.

147 2743 312 2807 Mediocri
343 2744 460 2824 ligurae
486 2743 636 2806 maxime
661 2749 712 2806 est
735 2744 1030 2813 accommodatus.
1079 2744 1136 2808 Sic
1162 2745 1218 2810 de·

144 2851 320 2914 scribitur:
357 2849 578 2914 Contrarium
611 2855 662 2913 est
695 2849 799 2911 unius
833 2851 996 2915 contrarii
1029 2870 1092 2934 per
1120 2853 1219 2916 atiud

146 2958 359 3022 contrarium
384 2957 498 3020 brevis
523 2962 556 3019 et
580 2956 738 3019 absoluta
756 2958 925 3039 probatio.
965 2959 1026 3022 Vel
1043 2958 1109 3025 sic:
1128 2959 1218 3024 Con-

144 3066 291 3128 trarium
316 3072 366 3128 est
389 3065 573 3128 verborum
600 3070 631 3127 et
656 3065 908 3129 contrariorum
933 3065 1047 3130 verbis
1072 3085 1114 3128 ac
1136 3086 1219 3130 con-

142 3173 260 3235 trariis
285 3172 472 3256 adaptatio

235 3300 291 3379 lv,
311 3301 350 3361 19
375 3296 397 3381 ς
414 3300 457 3360 26
483 3297 667 3359 Membrum
693 3295 861 3359 orationis.
888 3298 990 3361 Color
1008 3298 1071 3361 iste
1087 3317 1108 3360 a
1126 3299 1218 3362 Grae·

146 3407 195 3469 cis
229 3405 357 3468 dicitur
388 3402 524 3470 κῶλον.1
569 3403 625 3467 Sic
654 3403 831 3466 definitur:
859 3404 1133 3488 Membrumlest
1156 3406 1218 3469 ali·

146 3513 246 3577 cuius
271 3513 436 3576 clausulae
461 3510 688 3593 dependentis
713 3511 902 3593 paraliam
927 3511 1041 3575 brevis
1066 3518 1099 3575 et
1115 3513 1217 3577 abso·

146 3627 208 3683 uta
233 3620 399 3703 exceptio.
414 3657 447 3663 —
461 3656 494 3663 —
509 3656 542 3662 —
888 3611 891 3615 ’

234 3747 290 3827 Ν,
319 3750 359 3809 19
382 3744 405 3830 ξ
430 3749 472 3810 26
509 3743 674 3807 Arliculus
707 3742 827 3806 dicitur
861 3741 1099 3824 g1·aece‡**²
1133 3744 1155 3808 i.
1188 3765 1216 3808 e.

238 3888 249 3924 ¹
274 3898 383 3953 Coton.
455 3885 467 3922 ²
490 3887 602 3973 κόμμα
626 3911 643 3949 a
668 3886 804 3953 κόπτειν
827 3893 1030 3964 supplendum
1056 3888 1184 3973 uidetur.
