2716 4254
598 202 799 267 -130—

257 360 335 426 1111ῃ
366 360 483 449 (23611)
516 364 557 442 11,
585 365 637 441 59,
666 366 727 426 178
752 363 818 426 lure
841 383 863 424 u
886 362 1059 446 superiore
1084 363 1184 438 libro,
1211 365 1244 427 R.

165 472 268 551 Quod
302 472 403 551 vulgo
437 471 559 551 editur,
591 470 654 533 lroc
677 490 717 533 uc
739 469 907 553 superiore
929 469 1026 545 libro,
1054 471 1172 534 codex
1203 469 1247 534 pe

166 581 260 643 solus
296 578 409 640 habet.
468 580 600 642 Tamen
634 585 666 641 el
699 579 855 661 ineptum
888 578 1167 660 quodammodo
1198 586 1247 642 est

165 687 277 750 (licere
309 686 441 767 aliquid
472 686 518 749 ud
546 685 670 749 exilum
703 688 769 749 hoc
793 705 833 749 ao
856 684 1025 769 superiore
1050 685 1147 749 libro
1173 707 1245 769 per-

165 795 308 857 duelum
345 814 418 858 esse
443 801 475 857 el
508 794 647 871 mirum,
678 794 705 856 si
736 794 799 856 lroc
822 814 862 857 or.
884 793 920 856 in
945 793 1040 857 hunc
1066 795 1123 878 ub,
1150 797 1246 877 quod

165 902 266 966 celeri
304 902 440 965 codices
476 902 640 983 prement,
676 902 803 964 mutari
835 901 993 983 poluerit.
1044 902 1183 966 Conna
1208 924 1246 966 ex

166 1011 231 1071 lure
256 1009 417 1072 facillime
443 1009 552 1090 poluit
577 1009 667 1071 lume
694 1006 799 1094 (lule)¹
831 1008 922 1072 oriri.
970 1009 1061 1087 Quae
1088 1029 1175 1073 eum
1203 1011 1247 1073 ila

165 1118 244 1195 sint,
281 1117 363 1179 salis
397 1123 447 1179 esl
478 1116 662 1179 verisimile
688 1116 877 1197 genuinam
903 1115 1036 1179 codicis
1072 1118 1102 1180 R
1127 1119 1246 1181 lectio·

166 1243 245 1286 nem
270 1243 353 1286 esse.

576 2039 823 2112 Addendum.

258 2221 292 2282 P.
326 2224 376 2299 16,
408 2228 484 2303 posl
514 2222 571 2283 lin.
600 2226 639 2284 ld
665 2223 746 2284 addi
773 2227 896 2304 polesl:
921 2218 943 2304 ξ
966 2222 1005 2283 41
1034 2222 1272 2289 Videndum.

167 2328 280 2403 elium,
315 2348 357 2391 ne
389 2329 529 2410 syllaba·
563 2329 657 2392 verbi
689 2329 812 2412 prioris
844 2329 974 2392 ullimae
1007 2329 1079 2392 sinl
1118 2333 1245 2415 primae

167 2436 350 2516 sequenlis:

260 3813 271 3849 ¹
306 3822 410 3877 Hunc
435 3823 570 3877 editores
596 3822 738 3876 nonnulli
764 3825 958 3893 receperunt,
982 3820 1067 3877 velut
1092 3821 1240 3893 Schuetz,

169 3910 258 3966 Rinn.
