2716 4254
595 221 633 282 81

76 379 238 441 randum.
300 379 339 440 ln
376 377 642 441 confirmatione
677 384 709 441 et
733 378 1000 461 reprehensione
1039 384 1150 459 potest

76 486 173 567 poni.
233 484 299 548 Sed
330 485 494 547 maxime»
517 491 568 546 est
602 485 887 548 accommodatus
926 484 1149 548 coniecturali

78 612 203 671 causae,
239 592 321 674 quia
357 592 562 675 coniecturae
597 612 659 674 per
691 612 727 654 se
762 611 981 674 unaquaeque
1006 589 1077 675 [per
1099 589 1145 675 sel

76 700 167 762 valet
188 719 324 781 parum,
347 699 408 762 sed
430 705 642 781 congregatae
661 705 693 761 et
710 698 852 761 insimul
866 699 1060 762 coniunctae
1077 718 1148 761 ma·

77 807 209 869 xlmam
234 805 365 869 habent
388 806 652 886 firmitudinem,
676 812 715 869 ut
737 812 856 888 postea
881 813 932 869 est
955 806 1120 869 dicturus.

169 986 223 1064 lV,
248 986 290 1047 lo
314 983 336 1068 ξ
360 988 402 1048 53
427 984 484 1048 illu
508 984 727 1067 frequentatio
751 1004 829 1066 quae
852 985 943 1048 dicta
960 992 1022 1064 est,
1038 991 1151 1067 potest

77 1091 263 1155 convenire
296 1091 332 1154 in
365 1108 487 1172 genere
521 1091 687 1173 iudiciali,
711 1091 957 1156 constitutione
986 1091 1150 1174 legitima,

78 1198 171 1261 etin
196 1199 274 1262 aliis
297 1198 491 1279 generibus.
535 1200 617 1262 Haec
641 1219 719 1282 quae
744 1218 837 1262 nunc
861 1199 1026 1281 sequitur,
1048 1199 1149 1281 perti·

79 1313 137 1369 net
161 1305 205 1368 ad
230 1305 402 1386 iudiciale,
420 1306 662 1387 coniecturale,
691 1306 726 1368 in
755 1326 824 1387 quo
841 1326 978 1389 semper
994 1325 1149 1369 necessa-

78 1414 129 1476 ria
155 1419 214 1475 est.

171 1592 225 1671 lV,
250 1593 292 1654 42
316 1589 338 1674 §²
362 1593 404 1653 54
429 1591 598 1674 Expolilio
623 1597 668 1655 est
690 1591 745 1654 Sic
770 1591 989 1655 describitur:
1013 1593 1150 1675 Expoli-

79 1699 127 1762 tio
162 1705 223 1778 est,
256 1718 336 1761 cum
370 1697 466 1761 aliud
495 1699 607 1761 dicere
631 1699 823 1779 videamur,
848 1699 892 1762 ad
917 1699 1008 1762 idem
1034 1700 1150 1782 saepis-

81 1826 181 1869 suma
204 1805 368 1884 accessio,
385 1805 406 1868 i.
425 1826 451 1869 e.
471 1805 634 1888 expolitio
656 1811 717 1885 est,
734 1826 814 1870 cum
833 1806 952 1869 eadem
970 1826 1023 1869 res
1041 1806 1150 1869 diver·
1187 1870 1192 1876 ,

10 1939 13 1943 ·
80 1913 127 1975 sis
163 1913 276 1976 modis
310 1912 484 1995 loquendo
509 1912 680 1995 profertur
711 1913 764 1977 vel
789 1913 933 1978 diversis
957 1913 1150 1976 rationibus
1228 1975 1230 1979 .

80 2020 256 2103 probatur.
306 2021 348 2084 Et
371 2020 439 2083 hoc
463 2026 514 2083 est
537 2020 689 2102 expolire
713 2020 862 2102 proprie,
887 2019 980 2083 idem
1005 2020 1150 2083 diversis

78 2127 195 2191 verbis
220 2127 332 2190 dicere
356 2129 410 2190 vel
434 2126 579 2190 diversis
604 2127 797 2190 rationibus
823 2127 915 2190 idem
932 2127 1093 2210 probare3
1111 2147 1152 2191 ac

81 2235 110 2296 si
136 2231 276 2297 diceret:
302 2234 465 2317 expolitio
490 2240 622 2298 estant
647 2254 727 2297 cum
752 2234 844 2297 idem
870 2234 1014 2297 diversis
1038 2234 1151 2298 verbis

80 2342 135 2405 bis
157 2341 210 2404 vel
228 2348 278 2404 ter
294 2348 354 2405 aut
370 2342 521 2424 amplius
538 2341 673 2416 dicitur,
691 2341 767 2421 (velt
786 2360 865 2404 cum
883 2341 976 2404 idem
993 2341 1151 2423 pluribus

82 2449 197 2513 modis
233 2455 292 2512 aut
328 2448 522 2511 rationibus
557 2448 816 2531 comprobatur,
851 2448 887 2511 in
922 2448 1044 2511 eodem
1074 2448 1159 2526 loco¹

81 2558 287 2635 manemus),
312 2562 372 2619 aut
395 2575 476 2618 cum
498 2555 705 2618 sententiam
722 2555 904 2619 retinendo
920 2555 1025 2618 verba
1040 2556 1151 2618 varia-

83 2683 161 2726 mus
197 2669 256 2726 aut
292 2682 371 2726 cum
408 2663 501 2725 idem
536 2663 754 2746 propositum
788 2662 933 2726 diversis
958 2663 1151 2726 rationibus

82 2771 181 2834 aliter
213 2777 245 2833 et
273 2770 372 2833 aliter
395 2770 655 2833 confirmamus.
703 2771 746 2833 Et
770 2771 845 2833 haee
868 2776 950 2833 sunt
973 2769 1151 2852 expolitio·

85 2877 139 2940 nis
163 2894 287 2958 genera
312 2897 372 2940 seu
397 2877 529 2960 species
546 2877 624 2939 duae
641 2877 725 2940 eius.
744 2914 787 2922 -
803 2912 846 2923 ——
862 2914 906 2924 -
928 2879 970 2941 Et
991 2877 1041 2940 sic
1058 2877 1153 2941 color

83 2990 135 3048 est
158 3004 272 3048 rerum
291 2983 465 3067 expolitio.
498 2985 541 3046 Et
556 2984 592 3047 in
610 2984 883 3048 demonstrativo
900 3002 1022 3065 genere
1038 3004 1152 3048 causae
1233 3046 1238 3053 ,

81 3098 195 3174 potest
217 3092 341 3171 valere,
366 3091 448 3174 quia
472 3091 734 3173 quodammodo
755 3093 846 3155 valet
862 3091 907 3155 ad
923 3092 1152 3171 laudandum,

82 3199 224 3282 quando
249 3219 295 3262 sc.
320 3199 367 3261 ita
392 3199 601 3282 replicamus
626 3198 773 3262 eandem
797 3200 1003 3262 sententiam
1025 3220 1086 3282 per
1102 3199 1151 3261 di·

84 3327 183 3371 versa
209 3306 323 3370 verba.
357 3307 396 3368 ln
421 3303 684 3370 confirmatione
708 3313 740 3369 et
756 3307 1024 3390 reprehensione
1040 3312 1153 3389 potest

79 3435 173 3498 pom.

173 3594 228 3673 lV,
253 3596 295 3656 42
311 3592 334 3677 ξ
350 3595 392 3656 54
416 3593 472 3655 sed
495 3592 712 3655 commutare1
729 3592 869 3655 Variare
886 3591 1054 3699 debemus
1071 3591 1151 3654 sub-

82 3700 218 3764 iciendo
243 3701 405 3780 rationes,
430 3719 507 3782 quae
532 3699 611 3762 licet
632 3699 676 3761 ad
694 3700 840 3763 eandem
857 3719 930 3762 rem
947 3699 1152 3782 pertineant,

172 3915 182 3952 1
209 3923 408 3977 Commutate
443 3921 528 3977 codd.
555 3920 668 3992 optimi.

1099 4041 1116 4086 Ε
