2716 4254
527 189 704 250 ..53-

80 348 210 427 incide,
240 348 322 431 quia
354 353 405 411 est
434 354 617 432 tamquam
642 348 838 412 membrum
864 349 1012 431 parium.
1061 350 1149 412 Nam

79 456 168 518 illud
199 456 357 539 superius
381 457 481 539 plura
505 456 750 539 complectitur
773 476 833 539 per
857 456 962 519 verba
987 456 1151 520 distincta

80 584 143 646 per
166 564 339 645 copulam,
358 563 414 627 hie
432 584 542 626 unum
558 568 695 625 tantum
713 564 910 627 membrum
928 564 1152 645 distinguitur

81 671 156 734 sine
180 671 316 752 copula.
364 672 431 734 lste
455 671 548 734 enim
573 671 703 733 colora
722 671 847 733 Graecis
865 671 991 734 dicitur
1007 670 1150 755 κόμμα.1

81 779 125 841 Et
148 783 200 841 est
223 777 334 861 κόμμα
358 778 496 860 proprie
520 778 704 840 intercisio
746 779 801 842 Sic
825 779 1002 842 definitur:
1020 779 1151 842 Articu-

81 886 135 948 lus
172 891 223 948 est
259 885 473 948 diversarum
510 885 703 947 dictionum
739 885 932 968 punctatim
970 886 1084 949 brevis
1120 893 1153 950 et

80 992 242 1056 absoluta
266 993 413 1075 prolatio
438 993 474 1055 in
498 993 620 1055 eadem
644 993 809 1055 oratione.
850 993 1000 1070 Quando
1018 1014 1064 1057 sc.
1082 994 1151 1056 sin·
1244 1054 1249 1065 ,

80 1101 161 1182 gula
185 1099 290 1163 verba
314 1099 477 1162 distincta
502 1106 533 1163 et
555 1100 629 1162 sine
646 1100 889 1163 coniunctione
907 1101 956 1163 sic
972 1100 1151 1182 proferun-

80 1213 148 1286 tur,
180 1213 218 1269 ut
248 1207 392 1288 singulis
425 1227 544 1270 eorum
570 1227 692 1269 sensus
717 1206 875 1290 perlectae
900 1207 1067 1271 orationis
1092 1209 1152 1270 ha-

82 1315 213 1377 beatur.
261 1314 317 1378 Sic
341 1315 408 1377 hic.

173 1457 229 1536 lv,
256 1459 296 1519 19
319 1455 341 1540 ξ
365 1460 407 1520 26
443 1456 645 1534 Acrimoru’o,
685 1478 769 1533 uoce,
796 1460 886 1519 uultu
911 1460 986 1520 &cc
1016 1458 1152 1541 Ubique

82 1564 283 1645 intelligitur
306 1564 527 1646 ’perterruisti
553 1565 812 1628 adversarium’.
860 1566 899 1627 ln
931 1565 1025 1646 grani
1061 1565 1153 1627 enim

82 1672 193 1753 figura
226 1672 326 1734 valet.
375 1673 414 1734 ln
444 1673 540 1735 omni
565 1690 686 1754 genere
710 1678 824 1755 potest
847 1672 971 1752 valere,
996 1672 1056 1735 sed
1081 1692 1154 1734 ma·

82 1779 176 1841 xime
210 1779 246 1841 in
282 1778 448 1858 iudiciali,
484 1779 566 1861 quia
599 1780 689 1842 valet
720 1780 764 1842 ad
795 1780 1013 1842 causandum
1046 1785 1078 1842 et
1108 1779 1153 1841 ad

82 1886 207 1949 acriter
224 1885 446 1967 ⁴loquendum
470 1891 589 1949 contra
614 1887 776 1969 aliquem.
825 1888 864 1949 ln
889 1887 1152 1949 confirmatione

82 1999 115 2056 et
138 1993 407 2076 reprehensione
431 1999 543 2075 potest
566 1994 650 2076 poni
676 2000 708 2056 et
731 1994 766 2056 in
792 1994 1000 2057 narratione.

173 2137 229 2215 lv,
256 2138 296 2198 19
320 2134 342 2219 ξ
366 2140 406 2199 27
439 2135 652 2200 Continuotio
676 2141 729 2200 est.
767 2139 834 2200 lste
858 2137 954 2200 color
976 2135 1153 2198 admixtus

83 2249 136 2307 est
168 2263 232 2306 nec
264 2263 325 2326 per
353 2263 389 2305 se
413 2243 576 2325 ponitur,¹
590 2244 650 2307 sed
674 2245 710 2307 in
734 2245 811 2307 aliis
836 2249 1010 2307 tractatur.
1026 2281 1105 2287 --
1120 2281 1153 2287 —

82 2350 139 2415 Sic
163 2350 383 2414 describitur:
410 2350 632 2414 Continuatio
658 2358 709 2414 est
733 2352 777 2414 ad
802 2350 1059 2414 absolutionem
1077 2371 1152 2413 sen-

81 2457 198 2521 tentiae
231 2457 350 2520 crebra
384 2464 416 2520 et
444 2458 609 2521 continua
639 2459 675 2521 in
699 2458 854 2521 oratione
878 2458 1064 2521 verborum
1090 2458 1153 2520 tre-

83 2565 273 2648 quentatio.
288 2602 321 2608 -
335 2602 368 2608 -
382 2602 415 2608 —

174 2709 230 2787 lV,
247 2712 289 2772 20
313 2706 392 2792 §27
421 2709 566 2792 Compar
590 2709 785 2791 appellatur.
823 2709 926 2772 Color
949 2709 1012 2771 iste
1030 2728 1049 2770 a
1067 2709 1154 2771 Grae·

83 2815 133 2878 cis
167 2815 292 2879 dicitur
324 2813 488 2902 ῥυθμός.2
525 2818 563 2878 ln
593 2817 687 2896 gravi
716 2816 826 2896 figura
851 2835 921 2878 non
944 2816 1046 2894 valet,
1071 2816 1153 2897 quia

83 2929 135 2986 est
169 2924 270 3005 quasi
306 2920 510 3005 quoddam*
547 2924 721 2986 ludicrum
756 2929 789 2985 et
825 2922 921 3005 pueri
951 2922 1155 2985 huiusmodi

83 3029 266 3113 paritatem
296 3030 510 3112 syllabarum
538 3050 673 3093 servare
698 3031 818 3092 solent.
867 3030 907 3091 ln
932 3028 1098 3092 mediocri
1123 3035 1156 3092 et

84 3142 262 3200 attenuato
296 3137 343 3199 ihi
379 3143 492 3220 potest
519 3137 642 3200 valere.
691 3138 729 3198 ln
759 3137 855 3200 omni
880 3156 985 3199 eausa
1009 3137 1099 3200 valet
1124 3143 1156 3199 et

84 3243 121 3305 in
155 3244 252 3307 omni
281 3250 377 3326 parte
407 3244 585 3307 rhetoricae
610 3244 786 3306 orationis¹
835 3244 878 3307 Et
902 3243 952 3306 sic
976 3244 1154 3306 definitur:
1237 3284 1240 3291 ·

85 3351 238 3433 Compar
271 3357 322 3413 est
355 3351 518 3434 quaedam
548 3351 761 3434 syllabarum
786 3351 916 3434 paritas
941 3351 976 3412 in
1002 3350 1157 3414 oratione

85 3478 126 3520 ex
161 3458 327 3521 membris
361 3465 552 3538 constante,
581 3479 650 3522 non
681 3458 941 3522 enumeratione
970 3457 1071 3535 lacta,
1096 3457 1156 3519 sed

86 3584 152 3627 usu
177 3571 210 3628 et
233 3565 378 3629 artificio
404 3571 614 3648 comparata.
654 3566 729 3628 Vel:
753 3565 905 3646 Compar
921 3564 1047 3627 dicitur
1063 3565 1155 3626 clau-

87 3672 244 3734 sularum
269 3693 329 3755 per
353 3673 509 3735 membra
534 3673 680 3755 aqualia
706 3671 831 3735 divisio
856 3691 917 3733 seu
942 3671 1128 3733 distinctio

179 3884 189 3920 ¹
214 3892 320 3948 Coma.
415 3883 427 3920 ²
452 3893 605 3948 Rithmus
