2716 4254
584 167 761 228 ..94-

141 328 188 389 etc
223 326 289 388 rol.
315 329 346 405 ὁ,
379 346 412 409 p.
440 325 513 407 187)
549 342 695 388 numero
731 326 794 388 730
830 323 868 406 (l.
907 321 997 408 124),
1033 343 1067 386 a.
1096 341 1153 386 me
1181 318 1220 402 ρ’

141 432 324 514 signatum.
374 432 434 495 Est
454 432 670 512 chartaceus,
686 450 764 496 saec.
782 432 853 510 XV,
869 436 902 496 et
918 428 1216 496 commentarium

141 540 254 603 solum
280 540 442 604 continet.
492 540 557 602 llic
581 538 690 603 codex
713 558 796 618 non,
821 544 858 602 ut
881 533 955 601 fet
978 554 1013 619 p,
1039 537 1079 601 in
1105 536 1216 620 quarti

142 646 221 709 libri
245 646 413 729 partibus,
438 647 497 710 sed
523 646 558 709 in
583 645 757 729 prioribus
780 646 834 726 (cl.
851 665 884 729 p.
905 648 946 710 10
962 664 1055 728 sqq„
1074 646 1120 708 33
1132 642 1216 726 sqq.)

141 753 291 817 eundem
315 759 418 836 atque
442 751 467 816 h
491 758 622 817 textum
647 752 761 816 babet.

232 860 363 924 Eadem
387 866 438 924 est
461 860 591 925 codicis
609 860 799 934 Florentini
816 860 914 939 ratio,
931 858 1122 939 chartacei,
1139 877 1212 922 saec.

143 968 213 1047 XV,
246 988 351 1051 quem
377 967 565 1032 Biblioteca
590 967 779 1033 Nazionale
802 967 960 1032 Centrale
983 965 1159 1050 possidet3
1184 985 1213 1027 r.

142 1075 350 1153 Mazzatinti,
386 1074 559 1139 loventari
595 1077 652 1154 dre,
686 1077 753 1139 vol.
794 1078 826 1154 8,
859 1094 892 1158 p.
929 1077 982 1152 27,
1018 1072 1083 1137 ubi
1121 1074 1166 1152 ll,
1190 1074 1214 1150 l,

141 1185 181 1244 67
217 1180 330 1265 (Magl.
360 1182 408 1246 Cl.
434 1181 491 1261 Vl,
525 1202 620 1245 num.
646 1181 700 1266 25)
723 1188 873 1246 notatur.
899 1181 987 1246 Cum
1012 1186 1133 1244 autem
1159 1180 1214 1245 hic

143 1289 251 1353 codex
286 1324 330 1335 -
364 1289 464 1352 cuius
500 1296 581 1352 nota
612 1305 636 1352 n
659 1290 704 1352 sit
727 1325 771 1334 ..,
794 1309 865 1354 non
889 1295 962 1353 tam
986 1307 1080 1371 saepe
1106 1307 1213 1370 quam

142 1392 180 1477 pi
203 1416 283 1460 cum
308 1394 333 1459 b
357 1402 535 1478 congruat,
558 1396 697 1461 levioris
722 1396 890 1462 momenti
914 1402 966 1460 est
988 1395 1099 1460 visus,
1148 1394 1215 1460 Sed

142 1523 220 1586 quae
263 1510 343 1568 ante
382 1509 513 1567 textum
553 1504 723 1585 leguntur,
763 1502 1073 1569 animadvertenda
1115 1508 1214 1566 sunt:

143 1610 285 1674 Guarini
310 1609 518 1674 Veronensis
543 1610 785 1675 commentarii
810 1611 846 1674 in
870 1610 1047 1677 Ciceronis
1063 1610 1154 1675 rhet.
1173 1611 1215 1673 ad

145 1716 369 1782 Herennium.
428 1717 560 1781 Tamen
597 1718 788 1782 Guarinum
824 1737 888 1803 pro
918 1723 1058 1783 auctore
1085 1717 1216 1782 habere

144 1825 247 1889 verba
282 1825 478 1910 prohibent,
513 1845 591 1909 quae
627 1825 663 1888 in
698 1826 825 1908 pagina
853 1824 1010 1909 sequenti
1034 1825 1214 1908 leguntur:

142 1933 391 1997 Commentarii
417 1934 451 1996 in
478 1932 660 1996 Rhetorica
684 1933 861 1997 Ciceronis
884 1933 951 1996 sub
972 1931 1131 1998 Guarino
1147 1935 1217 1998 col-

142 2038 234 2116 lecti;
260 2045 291 2101 et
315 2040 383 2104 alio
408 2041 484 2104 loco
501 2040 639 2121 legitur:
665 2039 935 2105 commentarii.
952 2039 1133 2104 ..collecti
1151 2041 1217 2103 sub

143 2144 327 2228 disciplina
352 2147 505 2211 Guarini.

234 2253 328 2317 ldem
363 2253 505 2318 Guarini
539 2274 666 2318 nomeu
699 2261 810 2319 exstat
837 2255 872 2318 in
897 2254 966 2318 alio
990 2254 1113 2319 codice
1140 2256 1217 2319 Flo-

140 2360 288 2440 rentino,
324 2382 429 2446 quem
467 2381 613 2426 numero
650 2365 711 2426 681
752 2368 908 2427 notatum
940 2361 977 2426 in
1000 2360 1217 2427 bibliotheca

141 2468 369 2533 Riccardiana
401 2469 483 2532 vidi.
538 2469 577 2532 ln
602 2468 715 2552 prima
739 2469 833 2532 eninr
857 2468 984 2552 pagina
1008 2469 1084 2533 haec
1109 2468 1216 2536 verba

141 2582 236 2639 suut:
273 2576 480 2640 (lomentum
518 2576 590 2639 sive
622 2577 811 2641 recollectae
840 2575 907 2639 sub
931 2574 1085 2640 Guarino
1111 2597 1218 2661 super

141 2689 250 2748 artem
284 2703 411 2748 novam
448 2686 492 2747 Μ.
527 2685 565 2747 Τ.
597 2685 632 2748 C.
683 2684 748 2747 Hic
772 2684 860 2748 liber
882 2684 987 2766 paulo
1011 2685 1217 2766 posterioris

141 2791 251 2855 aetatis
276 2797 328 2855 est
351 2811 459 2876 quam
483 2807 517 2871 n,
542 2798 694 2856 ceterum
719 2791 750 2855 ei
774 2790 985 2854 simillimus.

231 2899 341 2962 Venio
376 2899 517 2964 tandem
552 2899 596 2962 ad
630 2899 739 2962 alium
770 2898 926 2963 codicem
952 2898 1218 2962 Mediceo-Lau-

141 3006 350 3085 rentianum,
389 3007 465 3070 cod.
507 3007 683 3070 XXXVlll
724 3006 949 3069 Bibliothecae
991 3005 1217 3088 Leopoldinae

141 3111 348 3176 Strozziamu
374 3111 416 3198 (v.
441 3113 547 3177 huius
571 3114 793 3178 bibliothecae
817 3113 1024 3194 catalogum,
1048 3110 1100 3175 ed.
1126 3113 1217 3177 Ban-

141 3219 225 3295 dini,
262 3221 300 3283 T.
334 3220 388 3304 ΙΙ).
448 3222 509 3284 Est
545 3221 845 3298 membranaceus,
879 3239 956 3284 saec.
994 3220 1070 3298 Xll,
1107 3239 1218 3303 quam

141 3328 244 3392 ceteri
278 3346 357 3410 ergo
393 3329 569 3393 vetustior.
629 3327 694 3393 Sed
725 3328 869 3408 scholia,
894 3347 972 3412 quae
997 3327 1032 3390 in
1059 3328 1219 3410 margine

140 3434 235 3517 (nam
259 3442 392 3501 textum
417 3455 557 3518 quoque
581 3436 768 3499 rhetorices
793 3435 837 3498 ad
864 3435 943 3498 Her.
968 3433 1134 3518 continet)
1159 3435 1219 3498 ad-

141 3542 268 3625 scripta
304 3544 421 3623 habet,
457 3549 490 3607 et
522 3543 654 3607 rariora
691 3562 797 3627 quam
829 3543 864 3605 in
889 3541 1009 3606 ceteris
1033 3541 1218 3606 codicibus

142 3658 329 3718 occurrunt
353 3671 466 3735 neque
490 3671 628 3734 semper
650 3650 783 3729 ceteris,
808 3649 850 3712 de
875 3649 1003 3732 quibus
1027 3648 1092 3730 egi,
1114 3650 1219 3715 scho-

143 3757 198 3819 liis
223 3758 365 3837 similia:
391 3760 507 3842 aliqua
533 3765 649 3822 tamen
676 3757 913 3837 inveniuntur,
937 3776 1015 3839 quae
1039 3753 1064 3818 lt
1084 3761 1118 3820 ct
1135 3758 1220 3821 huic

142 3863 231 3930 libro
256 3867 458 3931 communia
482 3873 573 3929 sunt.
