2716 4254
688 211 865 270 45--

245 375 410 452 appareat
433 368 624 432 differentia
649 369 737 432 inter
760 369 854 451 ipsos
879 371 1010 432 colores
1031 377 1063 432 et
1081 348 1218 450 sciatur,
1235 370 1318 452 quis

242 470 338 540 colo‘r
362 476 417 539 cui
442 476 556 558 generi
580 495 694 539 causae
718 476 772 539 rel
796 477 852 539 cui
878 475 964 560 parti
990 483 1049 539 aut
1073 477 1129 543 cui
1146 477 1266 558 figurae
1283 483 1317 540 et

242 583 297 647 cui
323 583 562 647 constitutioni
586 583 779 647 conveniat.
829 583 904 646 Hoc
920 584 1013 646 enim
1032 583 1142 647 iacere
1160 585 1316 648 maxima

148 718 151 725 Δ
242 690 350 752 virtus
374 682 426 753 est
450 690 485 752 in
510 690 661 754 oratorio
686 697 719 753 et
742 689 909 753 orationis
934 691 1109 754 dictatore.

329 816 388 895 JV,
427 817 466 878 13
490 816 512 898 ξ
539 817 579 878 19
603 814 767 898 Repetitio.
793 851 836 860 -
861 852 903 860 -
927 853 970 862 -
993 851 1036 861 -
1062 817 1229 899 Repetitio
1264 823 1321 879 est

243 921 349 985 unius
373 928 404 984 et
428 921 581 986 eiusdem
607 922 703 986 verbi
728 923 764 985 in
788 922 959 1005 principio
984 923 1198 986 diversarum
1221 925 1319 987 clau·

246 1030 402 1092 sularum
438 1028 603 1093 continua
643 1030 779 1125 positio.
811 1067 853 1075 -
882 1064 926 1075 -
954 1067 997 1074 -
1021 1031 1131 1093 -Et
1164 1031 1324 1133 maxime

242 1137 404 1200 convenit
448 1136 603 1200 iudiciali
644 1137 758 1217 generi
772 1134 793 1216 ¹,
829 1137 910 1218 quia
951 1139 1099 1200 multum
1136 1139 1226 1200 valet
1271 1138 1321 1201 ad

244 1233 366 1308 acriter
395 1251 537 1310 *eset
570 1244 614 1307 ad
647 1245 893 1338 invehentium.
940 1245 1056 1307 Potest
1091 1250 1205 1308 autem
1232 1246 1321 1328 poni

244 1351 280 1414 in
317 1351 394 1415 aliis
429 1351 629 1434 generibus;
660 1352 756 1414 ‘valet
779 1351 882 1414 etiam
907 1351 943 1414 in
968 1352 1233 1415 confirmatione
1258 1352 1321 1416 tri-

244 1458 324 1541 plici
349 1465 381 1521 et
405 1459 441 1521 in
465 1461 534 1521 alto
560 1459 638 1522 stilo
662 1465 695 1521 et
718 1459 755 1521 in
779 1459 856 1521 aliis
874 1459 977 1521 etiam
995 1465 1106 1541 potest
1122 1459 1173 1521 uti
1189 1464 1321 1524 orator.

245 1567 332 1629 ltem
367 1572 449 1629 nota
474 1566 588 1647 quod,
621 1586 701 1629 cum
727 1564 768 1628 de
793 1566 915 1629 eodem
946 1567 1060 1629 colore
1084 1567 1184 1647 plura
1208 1575 1323 1648 ponat

245 1673 381 1735 Tullius
416 1675 574 1754 exempla
611 1671 896 1757 [unumquodque
933 1692 1065 1753 eorum,
1090 1673 1231 1755 quando
1260 1695 1322 1738 su·

246 1780 353 1843 mitur
376 1778 417 1843 de
442 1799 513 1842 uno
530 1797 651 1862 genere
669 1777 792 1864 causae]
811 1778 905 1843 aliud
922 1781 977 1844 rel
993 1780 1060 1843 alia
1078 1787 1216 1862 sumpta
1235 1789 1322 1845 sunt

58 1916 61 1923 ·
152 1972 155 1979 1
245 1887 287 1950 de
319 1887 387 1951 alio
415 1905 537 1969 genere
561 1906 686 1967 causae,
712 1887 808 1950 utin
833 1887 1044 1969 repetitione.
1093 1887 1322 1952 Nominanda

245 2001 327 2057 sunt
359 2001 474 2057 autem
509 1995 566 2057 hic
601 1994 718 2075 aliqua
749 2000 782 2056 et
804 2014 916 2076 pauca
940 1995 984 2057 ad
1009 1995 1243 2079 cognitionem
1271 1995 1323 2058 di·

246 2102 435 2165 cendorum
478 2101 693 2184 pertinentia.
743 2103 833 2164 Nam
872 2102 966 2164 hunc
1005 2102 1164 2165 ordinem
1203 2110 1322 2166 servat

247 2208 377 2286 Cicero,
410 2208 504 2290 quod
535 2207 648 2290 primo
681 2207 810 2284 definit,
847 2208 1000 2272 secundo
1024 2209 1123 2290 ponit
1147 2211 1321 2292 exempla,

245 2316 346 2378 tertio
381 2315 530 2379 ostendit
564 2315 688 2379 coloris
713 2315 880 2397 cuiusque
904 2317 1074 2378 effectum.
1123 2316 1321 2397 inquibus

246 2423 436 2505 poterimus
460 2441 583 2487 causas
607 2421 720 2485 varias
745 2429 787 2502 et,
805 2423 840 2484 in
858 2442 927 2504 quo
944 2440 1065 2504 genere
1088 2423 1206 2486 utendi
1224 2431 1322 2504 sunt,

246 2549 307 2613 per
341 2530 477 2594 diversa
501 2530 658 2612 exempla
682 2547 897 2610 cognoscere,
922 2530 1041 2592 omnia
1066 2530 1191 2593 librare
1216 2537 1248 2592 et
1276 2531 1323 2594 ad

172 2726 178 2735 Ι
248 2636 331 2719 quid
358 2637 564 2705 dictasunt.

337 2763 392 2843 lv,
420 2764 459 2825 13
483 2760 505 2846 ξ
532 2765 571 2825 19
597 2760 706 2844 Scipio
734 2760 864 2823 sustulit
887 2781 932 2824 sc.
960 2761 1085 2843 minor,
1112 2761 1207 2825 Laelii
1233 2763 1322 2826 ami-

248 2889 324 2947 cus3
349 2869 370 2932 i.
396 2889 422 2932 e.
453 2869 587 2932 delevit.
636 2868 711 2932 Hoc
746 2876 925 2951 sumptum
961 2875 1011 2932 est
1047 2870 1323 2935 demonstrativo

248 2995 381 3059 genere,
416 2984 598 3058 tamquam
632 2978 699 3039 hoc
728 2975 855 3039 diceret
879 2977 923 3039 ad
948 2976 1165 3039 laudandum
1189 2976 1323 3061 Scipio·

249 3104 339 3147 nem.
389 3086 539 3148 Possunt
563 3084 656 3147 enim
681 3083 792 3147 notari
818 3083 853 3146 in
878 3083 1000 3147 eodem
1025 3085 1181 3167 exemplo
1203 3085 1343 3167 plures'

249 3192 392 3272 coloreS,
428 3198 510 3274 puta
544 3190 602 3255 hic
638 3190 801 3255 Similiter
825 3191 967 3268 cadens3
992 3192 1052 3254 sed
1078 3191 1112 3254 in
1137 3191 1210 3255 suis
1235 3193 1323 3256 locis

249 3283 448 3362 declarandi
473 3305 562 3361 sunt.

339 3407 394 3487 IV,
422 3403 507 3489 13§
534 3409 572 3469 19
598 3408 677 3469 Item
702 3412 735 3469 tu
761 3407 931 3488 inferum
961 3406 1103 3489 prodire.
1153 3406 1230 3469 Hoc
1268 3427 1323 3471 ex·

250 3513 405 3596 emplum
441 3520 473 3577 et
505 3521 617 3600 cetera
652 3534 731 3596 quae
766 3520 959 3596 sequuntur
987 3514 1142 3577 sunt'de
1166 3513 1323 3578 iudiciali

250 3638 383 3702 genere,
417 3627 598 3703 tamquam
632 3621 660 3684 si
696 3622 915 3685 inveheretur
943 3621 979 3684 in
1004 3621 1153 3702 aliquem
1182 3618 1323 3707 [actum]

252 3728 293 3790 de
318 3728 435 3809 aliquo
460 3729 614 3791 crimine.

397 3856 473 3861 -,,.-
486 3857 552 3860 ..-..
568 3857 585 3860 ..,
616 3857 660 3861 .-...
680 3857 716 3862 ....
752 3857 778 3861 ....
810 3858 815 3862 .
887 3857 920 3861 n-
944 3858 977 3862 a...
997 3856 1325 3866 -..--.....-------—-——-

337 3905 347 3941 ¹
370 3929 488 3987 genere
515 3916 544 3974 h.
