2716 4254
591 173 768 232 „57-

233 334 288 412 IV,
313 336 354 395 23
387 331 414 417 ξ
433 335 475 395 33
507 326 676 395 Subiectio'
700 335 754 393 esi.
792 329 966 394 Subiectio
990 328 1208 393 ostenditur-t

138 437 333 526 rirrogpooci.2
380 441 423 502 Et
450 444 501 501 est
524 438 693 501 subiectio
717 438 897 521 inquisitio
922 438 1069 501 alicuius
1093 437 1141 500 rei
1166 437 1209 500 ab

142 547 350 611 adversariis
374 565 455 608 cum
480 546 674 609 redditione
699 546 853 608 rationis.
867 583 900 589 —
915 582 947 589 -
973 546 1015 607 Et
1032 545 1081 608 sic
1098 545 1212 608 differt

143 676 164 718 a
189 654 461 732 ratiocinatione,
486 652 652 735 quodibi
678 653 842 735 ponimus
867 653 1036 714 rationem
1061 652 1211 715 anobis-

142 768 214 826 met
237 761 334 844 ipsis,
359 761 416 823 hic
439 780 519 823 uero
544 760 588 822 ab
613 760 701 822 aliis.
741 761 801 823 Vel
818 760 948 842 potius:
967 779 1047 822 cum
1066 766 1211 842 utraque

139 870 185 933 sit
201 869 237 931 in
255 868 532 949 interrogatione,
549 873 666 930 tamen
688 867 724 929 in
742 867 955 930 subiectione
972 886 1088 946 causa,
1106 886 1212 950 quare

142 976 278 1059 aliquid
302 976 351 1055 iit,
368 995 439 1038 non
464 974 640 1057 quaeritur,
657 975 746 1037 sicut
767 975 803 1036 in
819 974 1092 1037 ratiocinatione.
1125 973 1211 1037 Sub-

140 1084 243 1148 ieetio
273 1083 366 1145 enim
395 1088 456 1160 est,
487 1102 567 1145 cum
594 1083 847 1163 interrogamus
881 1082 1118 1144 adversarium
1152 1087 1213 1144 aut

140 1190 331 1274 quaerimus
363 1190 443 1271 ipsi:
477 1189 519 1252 iis
550 1189 642 1251 enim
668 1189 806 1252 duobus
831 1189 944 1252 modis
969 1190 1008 1251 fit
1032 1189 1211 1268 subiectio,

140 1299 195 1361 vel
228 1297 472 1377 interrogando
500 1297 587 1359 alios
616 1298 669 1359 vel
694 1298 881 1379 quaerendo
906 1296 1101 1374 nobiscum,
1127 1296 1211 1378 quid

143 1405 254 1488 possit
277 1404 345 1466 dici
371 1404 413 1466 de
438 1423 472 1466 re
497 1404 614 1487 aliqua
638 1410 730 1467 nota.

235 1548 290 1625 IV,
315 1550 357 1610 23
387 1546 475 1629 §33
507 1568 582 1609 cum
615 1547 1009 1630 interrogamus-n
1034 1547 1123 1609 Nam
1148 1547 1211 1609 iste

142 1656 239 1718 color
262 1655 431 1717 subiectio
456 1655 491 1717 in
516 1655 609 1736 gravi
634 1655 744 1735 figura
768 1654 940 1730 convenit,
958 1654 1039 1737 quia
1061 1654 1151 1717 valet
1167 1654 1211 1716 ad

143 1783 216 1826 rem
251 1763 475 1842 gravandam.
524 1763 563 1824 in
597 1761 821 1824 deliberativo
855 1779 977 1842 genere
1001 1767 1033 1824 et
1057 1761 1212 1824 iudiciali

142 1870 334 1934 rectissime
367 1869 518 1952 ponitur,
543 1869 603 1932 sed
638 1869 788 1931 maxime
817 1869 853 1931 in
878 1869 1112 1931 deliberativo.
1159 1868 1212 1930 Ad

141 1977 419 2058 indignationem
451 1976 641 2058 plurimum
673 1975 773 2038 valet.
822 1977 861 2038 ln
892 1975 1155 2038 confirmatione
1181 1981 1213 2038 et

141 2084 412 2167 reprehensione
437 2084 588 2146 maxime
612 2083 702 2146 valet
726 2083 770 2145 ad
795 2083 1030 2146 accusandum
1048 2089 1080 2146 et
1097 2082 1211 2146 defen-

142 2191 310 2255 dendum.

235 2335 291 2414 IV,
316 2338 358 2397 23
382 2331 404 2417 ξ
428 2337 469 2396 33
495 2333 601 2416 Igitur
624 2354 738 2416 quoero
762 2335 819 2396 etc.
858 2335 923 2397 Hic
947 2334 1039 2396 enim
1057 2335 1152 2397 color
1168 2334 1212 2397 ad

142 2442 446 2505 confirmationem
476 2442 567 2504 vaiet
592 2441 742 2503 maxime
766 2447 799 2504 et
823 2442 857 2502 in
883 2441 1106 2504 coniecturali
1132 2460 1212 2504 con-

141 2548 333 2628 stitutione,
357 2544 395 2610 ut
419 2554 512 2631 patet
536 2549 572 2610 in
597 2549 774 2631 exemplis.
789 2586 822 2592 -
836 2586 869 2592 —
884 2586 917 2592 -

235 2692 291 2770 IV,
315 2694 358 2755 24
381 2689 462 2775 §34
488 2691 691 2754 acrimonte.
729 2691 890 2754 Ostendit
907 2691 1089 2753 utilitatem
1107 2692 1212 2753 huius

143 2799 388 2861 exornationis.
435 2798 633 2861 Acrimonia
655 2799 782 2861 dicitur
801 2799 910 2862 virtus
939 2798 1116 2878 orationis,
1144 2817 1213 2880 qua

143 2905 269 2968 virtute
294 2906 387 2968 acuit
410 2906 585 2968 auditores
610 2906 655 2967 ad
672 2906 957 2987 indignationem.
995 2907 1037 2967 Et
1053 2907 1091 2967 fit
1107 2925 1213 2988 quam

144 3011 321 3076 maxime*
339 3013 383 3075 ad
401 3013 524 3076 acriter
540 3014 755 3095 loquendum
772 3015 826 3076 vel
843 3013 1078 3076 invehendum
1094 3019 1214 3075 contra

144 3120 297 3203 aliquem
323 3126 383 3183 aut
407 3121 451 3183 ad
475 3121 768 3183 commovendum
794 3121 837 3183 ad
864 3121 1148 3201 indignationem.

236 3265 291 3344 lv,
317 3266 359 3326 24
382 3263 404 3348 ξ
428 3266 470 3326 34
507 3267 752 3346 consequuntur
788 3262 972 3326 identidem.
1009 3265 1030 3326 i.
1065 3284 1092 3326 e.
1127 3265 1215 3326 fiunt

144 3370 342 3454 frequenter
365 3378 397 3435 et
421 3371 592 3448 similiter3
619 3372 739 3434 eodem
764 3372 869 3434 modo
886 3371 970 3433 dicit
987 3372 1088 3433 Laur.
1106 3371 1214 3433 Valla.

237 3515 293 3593 IV,
319 3518 360 3578 25
385 3512 407 3598 ξ
431 3516 473 3577 34
490 3514 659 3577 ,Θναάαίἱο
683 3519 728 3576 est
762 3515 782 3576 i.
809 3535 826 3576 e
850 3515 981 3597 κλίμαξ,
1010 3533 1088 3594 quae
1112 3513 1214 3595 signi-

144 3623 227 3684 ficat
260 3623 386 3698 scalas3
421 3628 453 3684 et
486 3621 613 3683 dicitur
636 3640 656 3683 a
680 3622 788 3701 gradu
822 3621 989 3701 gradatio,
1020 3621 1102 3702 qnia
1127 3621 1216 3683 sicut

237 3867 248 3904 ¹
273 3877 457 3948 hypposora
483 3878 512 3932 ir.
