2716 4254
595 217 772 276 ..82-

145 380 262 436 tamen
292 393 362 436 non
394 378 445 435 est
478 372 599 435 eadem
634 372 825 455 propositio
850 390 913 434 nec
937 369 1027 433 ratio
1052 370 1220 433 subiecta.

147 480 245 545 Unde
281 479 397 544 Ulixes
425 479 587 542 laudatus
623 479 688 542 fuit
720 479 764 542 ab
798 477 925 542 ovidio
949 478 986 541 in
1011 478 1084 541 hoc
1109 477 1220 541 colore

144 587 352 670 expolitione
376 584 490 670 (saepe
513 586 611 650 aliter
643 593 746 668 atque
766 582 897 671 aliter’).
930 584 1086 663 Quando
1105 583 1219 648 Ulixes

145 694 285 758 intravit
313 694 458 757 domum
482 694 715 776 Calypsonis¹‚
739 694 798 757 illa
822 713 901 756 eum
926 691 1156 773 interrogavit
1179 690 1219 754 de

146 801 378 865 destructione
413 801 536 879 Troiae,
569 807 602 863 et
637 801 837 864 multotiens
871 820 950 864 eum
982 798 1218 880 interrogarit,

146 908 262 973 Ulixes
286 928 366 972 vero
391 928 461 971 non
487 928 558 972 uno
576 908 681 971 modo
698 907 887 990 respondit,
903 907 963 971 sed
980 905 1130 970 diversis
1147 925 1217 968 ver·

144 1016 198 1079 bis
232 1015 324 1079 idem
358 1016 482 1079 retulit.
532 1015 630 1080 Unde
664 1014 824 1078 Ovidius:
860 1003 1093 1097 ’saepe'aliter
1116 1019 1218 1096 atque

145 1123 357 1190 aliter'fflt
405 1123 570 1186 Similiter
600 1142 664 1185 nos
698 1122 866 1185 debemus
899 1122 1025 1185 facere:
1061 1121 1092 1183 si
1118 1119 1219 1183 inter·

145 1230 254 1311 rogati
279 1231 389 1293 simus
413 1230 458 1293 ab
482 1229 600 1312 aliquo
625 1235 657 1292 et
681 1228 877 1310 frequenter
900 1227 1101 1309 interrogati
1117 1227 1219 1290 fueri-

145 1357 224 1400 mus
241 1337 284 1400 de
301 1337 371 1418 illo,
396 1336 541 1400 diversis
558 1336 672 1399 verbis
690 1336 858 1400 utendum
876 1341 927 1399 est
943 1335 978 1398 in
996 1334 1218 1417 expolitione.

235 1499 291 1578 IV,
316 1499 358 1561 45
382 1497 404 1583 ξ
428 1501 470 1561 58
497 1496 720 1561 Commoratio
745 1501 790 1559 est
812 1532 826 1564 a.
845 1532 860 1564 a
879 1532 893 1564 a
913 1493 943 1562 *³
966 1513 1076 1578 graece
1093 1497 1221 1561 dicitnr

146 1623 282 1668 maneo.
339 1604 394 1668 Sic
428 1604 605 1667 delinitur:
641 1603 877 1667 Commoratio
910 1611 961 1668 est
994 1603 1038 1666 ad
1074 1604 1220 1688 aliquid,

145 1711 239 1794 quod
263 1717 314 1774 est
337 1710 578 1775 firmissimum
603 1711 640 1773 in
664 1717 782 1774 nostra
807 1729 923 1790 rausa,
947 1710 1148 1794 saepissima
1173 1732 1219 1776 re·

144 1818 283 1901 gressio.
330 1821 378 1882 Ac
401 1818 431 1882 si
456 1818 556 1895 dicat,
580 1818 809 1882 commoratio
833 1825 884 1881 est
907 1817 1043 1881 mansio
1070 1820 1219 1883 oratoris

144 1927 234 1990 circa
258 1926 403 2009 aliquid,
426 1926 462 1989 in
487 1923 574 2009 quo⁴
589 1932 661 1989 tota
677 1925 729 1988 vis
746 1925 961 2008 probationis
976 1932 1028 1989 est
1044 1925 1081 1989 in
1101 1945 1219 2007 causa,

142 2031 194 2096 ιιῒ5
218 2033 310 2097 circa
334 2033 370 2096 id
395 2052 494 2096 aures
519 2032 671 2095 habeant
695 2033 870 2096 auditores
888 2038 920 2096 et
936 2032 1098 2096 animum
1116 2053 1218 2098 occu·

143 2137 251 2222 pent⁶.
299 2140 354 2202 Fit
389 2139 483 2202 enim
519 2140 759 2221 commorati0,
795 2139 937 2223 quando
970 2139 1063 2203 circa
1089 2140 1219 2222 locum,

143 2246 198 2309 cni
229 2246 337 2310 totius
361 2265 475 2310 causae
500 2253 626 2310 nostrae
649 2247 702 2309 vis
726 2247 898 2331 praecipue
921 2246 1094 2328 innititur,
1123 2267 1218 2312 coni-

142 2361 297 2417 moratur
329 2361 361 2417 et
391 2354 436 2417 ad
460 2354 495 2418 id
520 2373 611 2436 saepe
634 2354 847 2431 revertimur,
873 2360 910 2416 ut
935 2353 1059 2417 melius
1084 2355 1120 2418 in
1149 2376 1217 2420 me·

135 2461 253 2525 >moria
289 2462 484 2526 retineatur.
533 2461 576 2523 Et
611 2460 656 2524 ad
692 2461 726 2523 id
760 2462 881 2526 reverti
911 2480 1113 2544 possumus,
1139 2463 1218 2526 licet

142 2568 234 2632 idem
268 2588 339 2632 non
374 2569 543 2648 dicamus,
568 2568 702 2631 diversa
726 2569 832 2632 verba
855 2569 1080 2651 diversasque
1104 2570 1216 2653 profc-

141 2676 249 2740 rendo
283 2677 481 2757 sententias,
515 2683 552 2739 ut
581 2676 625 2738 sit
648 2675 821 2758 expolitio.
870 2676 958 2739 Nam
983 2678 1216 2741 commoratio

142 2784 220 2848 ideo
254 2783 390 2864 dicitur,
423 2803 504 2848 cum
539 2803 718 2847 moramur
746 2783 837 2847 circa
861 2783 907 2863 id,
931 2784 967 2846 in
992 2803 1062 2866 quo
1088 2791 1142 2848 est
1166 2786 1216 2849 vis

141 2891 248 2955 totius
273 2911 397 2972 causae,
423 2898 454 2955 et
478 2893 675 2973 frequenter
698 2910 738 2953 ex
763 2911 803 2954 eo
827 2891 954 2974 pendet
976 2889 1087 2954 virtus
1109 2893 1216 2956 totius

142 3019 266 3062 causae.
316 3000 390 3062 Hoc
420 2998 502 3062 facit
535 3005 656 3061 cautus
689 3005 814 3062 orator.
862 2999 904 3060 Et
937 2997 987 3061 sic
1021 3017 1120 3062 mora
1146 2999 1216 3079 illa,

142 3126 247 3188 quam
282 3106 364 3169 facit
397 3113 513 3169 orator
537 3106 627 3169 circa
652 3104 738 3168 illud
763 3105 867 3185 idem,
890 3110 1035 3169 vocatur
1058 3124 1215 3170 commo-

141 3214 238 3277 ratio.
288 3214 363 3276 Hoc
396 3213 572 3276 invenitur
606 3213 641 3275 in
678 3212 894 3276 orationibus
928 3212 1117 3294 Ciceronis,
1152 3234 1215 3298 pro

142 3339 217 3402 rege
242 3321 416 3400 Deiotaro,
448 3320 484 3382 in
509 3340 576 3402 qua
601 3326 837 3383 commoratur
860 3320 950 3383 circa
975 3321 1215 3384 mansuetudi-

232 3536 437 3599 lCalistonis
462 3543 491 3598 h.
540 3533 664 3599 ‘²0vid.
688 3545 746 3600 Ars
775 3547 867 3599 amat.
902 3543 1101 3613 11‚127—28:
1138 3545 1213 3600 Haec

143 3633 246 3689 Troiae
276 3648 369 3692 casus
398 3632 577 3704 iterumque
610 3632 788 3704 iterumque
821 3633 964 3703 rogabat:
1002 3631 1058 3689 llle
1094 3632 1213 3690 reterre

142 3721 232 3778 aliter
258 3738 343 3794 saepe
372 3721 494 3778 solebat
515 3722 607 3777 idem.
657 3711 831 3778 ³Sinonia.
866 3723 984 3778 Sinono
1006 3722 1042 3787 h3
1063 3711 1213 3801 Ἐπιμανῆ.

137 3801 283 3888 ‘aneslevo
311 3811 442 3882 sortasse
473 3811 641 3882 legendum.
695 3801 708 3838 4
732 3829 793 3883 qua
823 3813 852 3867 h.
906 3802 918 3840 ⁵
942 3817 972 3869 et
1001 3812 1032 3868 h.
1082 3803 1095 3840 ⁶
1121 3827 1212 3869 occu-

131 3906 213 3973 pant
236 3903 266 3958 lr.
