<?xml version="1.0" encoding="UTF-8"?>
<!DOCTYPE html PUBLIC "-//W3C//DTD XHTML 1.0 Transitional//EN"
    "http://www.w3.org/TR/xhtml1/DTD/xhtml1-transitional.dtd">
<html xmlns="http://www.w3.org/1999/xhtml" xml:lang="en" lang="en">
 <head>
  <title>
</title>
<meta http-equiv="Content-Type" content="text/html;charset=utf-8" />
  <meta name='ocr-system' content='tesseract 3.04.00' />
  <meta name='ocr-capabilities' content='ocr_page ocr_carea ocr_par ocr_line ocrx_word'/>
</head>
<body>
  <div class='ocr_page' id='page_1' title='image "./descholiisrheto00poulgoog_0041.png"; bbox 0 0 2716 4254; ppageno 0'>
   <div class='ocr_carea' id='block_1_1' title="bbox 650 186 824 272">
    <p class='ocr_par' dir='ltr' id='par_1_1' title="bbox 650 186 824 272">
     <span class='ocr_line' id='line_1_1' title="bbox 650 186 824 272; baseline 0 -16"><span class='ocrx_word' id='word_1_1' title='bbox 650 186 824 272; x_wconf 64' lang='lat'><strong>..3&#39;4-</strong></span> 
     </span>
    </p>
   </div>
   <div class='ocr_carea' id='block_1_2' title="bbox 143 371 1273 2385">
    <p class='ocr_par' dir='ltr' id='par_1_2' title="bbox 143 371 1273 2385">
     <span class='ocr_line' id='line_1_2' title="bbox 196 371 1272 458; baseline -0.002 -21"><span class='ocrx_word' id='word_1_2' title='bbox 196 373 323 458; x_wconf 83' lang='lat' dir='ltr'><strong>quibus</strong></span> <span class='ocrx_word' id='word_1_3' title='bbox 359 379 492 435; x_wconf 88' lang='lat' dir='ltr'><strong>tantum</strong></span> <span class='ocrx_word' id='word_1_4' title='bbox 527 372 699 436; x_wconf 77' lang='lat' dir='ltr'>facultatis</span> <span class='ocrx_word' id='word_1_5' title='bbox 732 371 889 435; x_wconf 66' lang='lat' dir='ltr'><strong>oratoriae</strong></span> <span class='ocrx_word' id='word_1_6' title='bbox 915 378 1121 434; x_wconf 90' lang='lat' dir='ltr'><strong>consecutus</strong></span> <span class='ocrx_word' id='word_1_7' title='bbox 1146 371 1272 452; x_wconf 85' lang='lat' dir='ltr'><strong>suerat,</strong></span> 
     </span>
     <span class='ocr_line' id='line_1_3' title="bbox 199 479 1271 563; baseline 0 -20"><span class='ocrx_word' id='word_1_8' title='bbox 199 489 234 545; x_wconf 91' lang='lat' dir='ltr'><strong>ut</strong></span> <span class='ocrx_word' id='word_1_9' title='bbox 268 481 302 543; x_wconf 92' lang='lat' dir='ltr'><strong>in</strong></span> <span class='ocrx_word' id='word_1_10' title='bbox 340 479 436 544; x_wconf 88' lang='lat' dir='ltr'><strong>omni</strong></span> <span class='ocrx_word' id='word_1_11' title='bbox 460 498 582 561; x_wconf 84' lang='lat' dir='ltr'><strong>genere</strong></span> <span class='ocrx_word' id='word_1_12' title='bbox 606 500 704 543; x_wconf 88' lang='lat' dir='ltr'><strong>orare</strong></span> <span class='ocrx_word' id='word_1_13' title='bbox 729 479 879 542; x_wconf 82' lang='lat' dir='ltr'><strong>maxime</strong></span> <span class='ocrx_word' id='word_1_14' title='bbox 903 485 1028 561; x_wconf 89' lang='lat' dir='ltr'><strong>posset.</strong></span> <span class='ocrx_word' id='word_1_15' title='bbox 1076 480 1271 563; x_wconf 76' lang='lat' dir='ltr'>Accusatus</span> 
     </span>
     <span class='ocr_line' id='line_1_4' title="bbox 196 586 1272 671; baseline -0.002 -19"><span class='ocrx_word' id='word_1_16' title='bbox 196 607 275 671; x_wconf 93' lang='lat' dir='ltr'><strong>ergo</strong></span> <span class='ocrx_word' id='word_1_17' title='bbox 309 589 452 651; x_wconf 87' lang='lat' dir='ltr'><strong>Archias</strong></span> <span class='ocrx_word' id='word_1_18' title='bbox 487 593 677 669; x_wconf 82' lang='lat' dir='ltr'><strong>praeceptor</strong></span> <span class='ocrx_word' id='word_1_19' title='bbox 705 608 789 649; x_wconf 94' lang='lat' dir='ltr'><strong>suus</strong></span> <span class='ocrx_word' id='word_1_20' title='bbox 813 607 833 649; x_wconf 91' lang='lat' dir='ltr'><strong>a</strong></span> <span class='ocrx_word' id='word_1_21' title='bbox 858 586 1040 666; x_wconf 65' lang='lat' dir='ltr'><strong>Gracchol,</strong></span> <span class='ocrx_word' id='word_1_22' title='bbox 1064 587 1159 669; x_wconf 92' lang='lat' dir='ltr'><strong>quod</strong></span> <span class='ocrx_word' id='word_1_23' title='bbox 1184 587 1272 652; x_wconf 79' lang='lat' dir='ltr'><strong>civis</strong></span> 
     </span>
     <span class='ocr_line' id='line_1_5' title="bbox 197 686 1272 777; baseline -0.001 -19"><span class='ocrx_word' id='word_1_24' title='bbox 197 717 267 759; x_wconf 93' lang='lat' dir='ltr'><strong>non</strong></span> <span class='ocrx_word' id='word_1_25' title='bbox 301 696 355 774; x_wconf 93' lang='lat' dir='ltr'><strong>sit,</strong></span> <span class='ocrx_word' id='word_1_26' title='bbox 382 700 418 756; x_wconf 91' lang='lat' dir='ltr'><strong>ut</strong></span> <span class='ocrx_word' id='word_1_27' title='bbox 446 701 714 777; x_wconf 83' lang='lat' dir='ltr'><strong>consequeretur</strong></span> <span class='ocrx_word' id='word_1_28' title='bbox 739 686 847 777; x_wconf 92' lang='lat' dir='ltr'><strong>ipsius</strong></span> <span class='ocrx_word' id='word_1_29' title='bbox 872 693 1005 756; x_wconf 65' lang='lat' dir='ltr'><strong>Archiae</strong></span> <span class='ocrx_word' id='word_1_30' title='bbox 1030 694 1272 773; x_wconf 70' lang='lat' dir='ltr'><strong>hereditatem,</strong></span> 
     </span>
     <span class='ocr_line' id='line_1_6' title="bbox 196 801 1272 866; baseline -0.001 0"><span class='ocrx_word' id='word_1_31' title='bbox 196 824 214 866; x_wconf 89' lang='lat' dir='ltr'><strong>a</strong></span> <span class='ocrx_word' id='word_1_32' title='bbox 240 803 404 866; x_wconf 78' lang='lat' dir='ltr'><strong>Cicerone</strong></span> <span class='ocrx_word' id='word_1_33' title='bbox 437 801 599 864; x_wconf 85' lang='lat' dir='ltr'><strong>defensus</strong></span> <span class='ocrx_word' id='word_1_34' title='bbox 635 808 685 864; x_wconf 89' lang='lat' dir='ltr'><strong>est</strong></span> <span class='ocrx_word' id='word_1_35' title='bbox 719 808 751 864; x_wconf 90' lang='lat' dir='ltr'><strong>et</strong></span> <span class='ocrx_word' id='word_1_36' title='bbox 784 801 986 864; x_wconf 87' lang='lat' dir='ltr'><strong>luriusmodi</strong></span> <span class='ocrx_word' id='word_1_37' title='bbox 1016 801 1157 864; x_wconf 86' lang='lat' dir='ltr'><strong>exordio</strong></span> <span class='ocrx_word' id='word_1_38' title='bbox 1182 822 1272 865; x_wconf 93' lang='lat' dir='ltr'><strong>usus</strong></span> 
     </span>
     <span class='ocr_line' id='line_1_7' title="bbox 197 908 1272 991; baseline 0 -19"><span class='ocrx_word' id='word_1_39' title='bbox 197 917 260 973; x_wconf 90' lang='lat' dir='ltr'><strong>est:</strong></span> <span class='ocrx_word' id='word_1_40' title='bbox 287 909 316 971; x_wconf 95' lang='lat' dir='ltr'><strong>si</strong></span> <span class='ocrx_word' id='word_1_41' title='bbox 350 909 442 991; x_wconf 91' lang='lat' dir='ltr'><strong>apud</strong></span> <span class='ocrx_word' id='word_1_42' title='bbox 480 908 628 971; x_wconf 91' lang='lat' dir='ltr'><strong>maiores</strong></span> <span class='ocrx_word' id='word_1_43' title='bbox 662 915 798 971; x_wconf 89' lang='lat' dir='ltr'><strong>nostros</strong></span> <span class='ocrx_word' id='word_1_44' title='bbox 824 914 873 971; x_wconf 87' lang='lat' dir='ltr'><strong>est</strong></span> <span class='ocrx_word' id='word_1_45' title='bbox 898 914 1151 986; x_wconf 86' lang='lat' dir='ltr'><strong>conservatum,</strong></span> <span class='ocrx_word' id='word_1_46' title='bbox 1175 930 1196 971; x_wconf 96' lang='lat' dir='ltr'><strong>o</strong></span> <span class='ocrx_word' id='word_1_47' title='bbox 1222 910 1272 972; x_wconf 91' lang='lat' dir='ltr'><strong>iu·</strong></span> 
     </span>
     <span class='ocr_line' id='line_1_8' title="bbox 196 1015 1272 1098; baseline 0.001 -19"><span class='ocrx_word' id='word_1_48' title='bbox 196 1018 300 1095; x_wconf 78' lang='lat' dir='ltr'><strong>diceS,</strong></span> <span class='ocrx_word' id='word_1_49' title='bbox 318 1023 354 1078; x_wconf 97' lang='lat' dir='ltr'><strong>ut</strong></span> <span class='ocrx_word' id='word_1_50' title='bbox 370 1021 597 1098; x_wconf 71' lang='lat' dir='ltr'><strong>praeceptores</strong></span> <span class='ocrx_word' id='word_1_51' title='bbox 614 1037 676 1098; x_wconf 91' lang='lat' dir='ltr'><strong>pro</strong></span> <span class='ocrx_word' id='word_1_52' title='bbox 694 1015 895 1098; x_wconf 89' lang='lat' dir='ltr'><strong>parentibus</strong></span> <span class='ocrx_word' id='word_1_53' title='bbox 913 1016 1132 1095; x_wconf 81' lang='lat' dir='ltr'><strong>haberentur,</strong></span> <span class='ocrx_word' id='word_1_54' title='bbox 1146 1016 1272 1096; x_wconf 89' lang='lat' dir='ltr'><strong>debeo,</strong></span> 
     </span>
     <span class='ocr_line' id='line_1_9' title="bbox 197 1122 1272 1207; baseline 0 -20"><span class='ocrx_word' id='word_1_55' title='bbox 197 1130 368 1207; x_wconf 91' lang='lat' dir='ltr'><strong>quantum</strong></span> <span class='ocrx_word' id='word_1_56' title='bbox 400 1129 452 1185; x_wconf 88' lang='lat' dir='ltr'><strong>est</strong></span> <span class='ocrx_word' id='word_1_57' title='bbox 485 1123 591 1185; x_wconf 91' lang='lat' dir='ltr'><strong>situm</strong></span> <span class='ocrx_word' id='word_1_58' title='bbox 625 1124 660 1184; x_wconf 92' lang='lat' dir='ltr'><strong>in</strong></span> <span class='ocrx_word' id='word_1_59' title='bbox 686 1143 752 1201; x_wconf 91' lang='lat' dir='ltr'><strong>me,</strong></span> <span class='ocrx_word' id='word_1_60' title='bbox 776 1122 859 1186; x_wconf 91' lang='lat' dir='ltr'><strong>huic</strong></span> <span class='ocrx_word' id='word_1_61' title='bbox 882 1122 1168 1207; x_wconf 67' lang='lat' dir='ltr'><strong>praestantissimo</strong></span> <span class='ocrx_word' id='word_1_62' title='bbox 1193 1124 1272 1188; x_wconf 81' lang='lat' dir='ltr'><strong>viro</strong></span> 
     </span>
     <span class='ocr_line' id='line_1_10' title="bbox 197 1218 1272 1313; baseline 0.001 -20"><span class='ocrx_word' id='word_1_63' title='bbox 197 1238 228 1293; x_wconf 90' lang='lat' dir='ltr'><strong>et</strong></span> <span class='ocrx_word' id='word_1_64' title='bbox 253 1218 472 1313; x_wconf 66' lang='lat' dir='ltr'><strong>integerrimo</strong></span> <span class='ocrx_word' id='word_1_65' title='bbox 497 1237 528 1292; x_wconf 90' lang='lat' dir='ltr'><strong>et</strong></span> <span class='ocrx_word' id='word_1_66' title='bbox 553 1251 654 1313; x_wconf 93' lang='lat' dir='ltr'><strong>opem</strong></span> <span class='ocrx_word' id='word_1_67' title='bbox 673 1236 705 1292; x_wconf 91' lang='lat' dir='ltr'><strong>et</strong></span> <span class='ocrx_word' id='word_1_68' title='bbox 721 1232 869 1293; x_wconf 90' lang='lat' dir='ltr'><strong>salutem</strong></span> <span class='ocrx_word' id='word_1_69' title='bbox 885 1230 1020 1305; x_wconf 77' lang='lat' dir='ltr'><strong>atlcrre3</strong></span> <span class='ocrx_word' id='word_1_70' title='bbox 1039 1236 1071 1292; x_wconf 92' lang='lat' dir='ltr'><strong>ct</strong></span> <span class='ocrx_word' id='word_1_71' title='bbox 1088 1250 1127 1293; x_wconf 91' lang='lat' dir='ltr'><strong>eo</strong></span> <span class='ocrx_word' id='word_1_72' title='bbox 1147 1231 1272 1313; x_wconf 88' lang='lat' dir='ltr'><strong>magis,</strong></span> 
     </span>
     <span class='ocr_line' id='line_1_11' title="bbox 198 1337 1271 1421; baseline 0.002 -21"><span class='ocrx_word' id='word_1_73' title='bbox 198 1338 366 1421; x_wconf 87' lang='lat' dir='ltr'><strong>quoniam</strong></span> <span class='ocrx_word' id='word_1_74' title='bbox 391 1337 484 1400; x_wconf 94' lang='lat' dir='ltr'><strong>illius</strong></span> <span class='ocrx_word' id='word_1_75' title='bbox 509 1338 664 1400; x_wconf 89' lang='lat' dir='ltr'><strong>doctrina</strong></span> <span class='ocrx_word' id='word_1_76' title='bbox 690 1344 721 1400; x_wconf 90' lang='lat' dir='ltr'><strong>ct</strong></span> <span class='ocrx_word' id='word_1_77' title='bbox 746 1337 886 1420; x_wconf 92' lang='lat' dir='ltr'><strong>optimis</strong></span> <span class='ocrx_word' id='word_1_78' title='bbox 911 1337 1091 1419; x_wconf 68' lang='lat' dir='ltr'><strong>praeceptis</strong></span> <span class='ocrx_word' id='word_1_79' title='bbox 1108 1338 1155 1400; x_wconf 87' lang='lat' dir='ltr'><strong>ita</strong></span> <span class='ocrx_word' id='word_1_80' title='bbox 1172 1338 1271 1402; x_wconf 90' lang='lat' dir='ltr'><strong>insti-</strong></span> 
     </span>
     <span class='ocr_line' id='line_1_12' title="bbox 196 1440 1272 1527; baseline 0.003 -20"><span class='ocrx_word' id='word_1_81' title='bbox 196 1451 291 1508; x_wconf 90' lang='lat' dir='ltr'><strong>tutus</strong></span> <span class='ocrx_word' id='word_1_82' title='bbox 314 1465 403 1522; x_wconf 91' lang='lat' dir='ltr'><strong>sum,</strong></span> <span class='ocrx_word' id='word_1_83' title='bbox 422 1450 458 1506; x_wconf 94' lang='lat' dir='ltr'><strong>ut</strong></span> <span class='ocrx_word' id='word_1_84' title='bbox 484 1445 671 1508; x_wconf 91' lang='lat' dir='ltr'><strong>nonnullos</strong></span> <span class='ocrx_word' id='word_1_85' title='bbox 694 1445 884 1527; x_wconf 85' lang='lat' dir='ltr'><strong>aliquando</strong></span> <span class='ocrx_word' id='word_1_86' title='bbox 908 1440 1147 1507; x_wconf 78' lang='lat' dir='ltr'><strong>defender·im².</strong></span> <span class='ocrx_word' id='word_1_87' title='bbox 1177 1446 1272 1510; x_wconf 88' lang='lat' dir='ltr'><strong>Nam</strong></span> 
     </span>
     <span class='ocr_line' id='line_1_13' title="bbox 197 1550 1273 1634; baseline 0.004 -20"><span class='ocrx_word' id='word_1_88' title='bbox 197 1553 226 1614; x_wconf 91' lang='lat' dir='ltr'><strong>si</strong></span> <span class='ocrx_word' id='word_1_89' title='bbox 251 1559 381 1615; x_wconf 88' lang='lat' dir='ltr'><strong>ceteros</strong></span> <span class='ocrx_word' id='word_1_90' title='bbox 406 1550 625 1631; x_wconf 77' lang='lat' dir='ltr'><strong>adiuvamuS,</strong></span> <span class='ocrx_word' id='word_1_91' title='bbox 643 1572 662 1614; x_wconf 93' lang='lat' dir='ltr'><strong>a</strong></span> <span class='ocrx_word' id='word_1_92' title='bbox 685 1552 813 1634; x_wconf 89' lang='lat' dir='ltr'><strong>quibus</strong></span> <span class='ocrx_word' id='word_1_93' title='bbox 838 1553 925 1614; x_wconf 93' lang='lat' dir='ltr'><strong>nihil</strong></span> <span class='ocrx_word' id='word_1_94' title='bbox 943 1551 1098 1616; x_wconf 81' lang='lat' dir='ltr'><strong>utilitatis</strong></span> <span class='ocrx_word' id='word_1_95' title='bbox 1116 1552 1159 1614; x_wconf 87' lang='lat' dir='ltr'><strong>ad</strong></span> <span class='ocrx_word' id='word_1_96' title='bbox 1176 1554 1273 1618; x_wconf 91' lang='lat' dir='ltr'><strong>hanc</strong></span> 
     </span>
     <span class='ocr_line' id='line_1_14' title="bbox 197 1652 1272 1742; baseline 0.002 -20"><span class='ocrx_word' id='word_1_97' title='bbox 197 1680 270 1722; x_wconf 88' lang='lat' dir='ltr'><strong>rem</strong></span> <span class='ocrx_word' id='word_1_98' title='bbox 300 1657 562 1741; x_wconf 89' lang='lat' dir='ltr'><strong>adipiscendam</strong></span> <span class='ocrx_word' id='word_1_99' title='bbox 588 1659 763 1722; x_wconf 86' lang='lat' dir='ltr'><strong>consecuti</strong></span> <span class='ocrx_word' id='word_1_100' title='bbox 789 1679 922 1737; x_wconf 90' lang='lat' dir='ltr'><strong>sumus,</strong></span> <span class='ocrx_word' id='word_1_101' title='bbox 948 1652 1078 1742; x_wconf 81' lang='lat' dir='ltr'><strong>quanto</strong></span> <span class='ocrx_word' id='word_1_102' title='bbox 1103 1660 1214 1740; x_wconf 88' lang='lat' dir='ltr'><strong>magis</strong></span> <span class='ocrx_word' id='word_1_103' title='bbox 1240 1663 1272 1724; x_wconf 90' lang='lat' dir='ltr'><strong>ei</strong></span> 
     </span>
     <span class='ocr_line' id='line_1_15' title="bbox 143 1766 1272 1850; baseline 0.002 -20"><span class='ocrx_word' id='word_1_104' title='bbox 143 1838 148 1849; x_wconf 34' lang='grc' dir='ltr'><em>Ι</em></span> <span class='ocrx_word' id='word_1_105' title='bbox 198 1767 383 1830; x_wconf 87' lang='lat' dir='ltr'><strong>attribuere</strong></span> <span class='ocrx_word' id='word_1_106' title='bbox 419 1766 598 1844; x_wconf 79' lang='lat' dir='ltr'><strong>debernuS,</strong></span> <span class='ocrx_word' id='word_1_107' title='bbox 634 1786 748 1849; x_wconf 85' lang='lat' dir='ltr'><strong>aquo</strong></span> <span class='ocrx_word' id='word_1_108' title='bbox 783 1766 818 1828; x_wconf 94' lang='lat' dir='ltr'><strong>id</strong></span> <span class='ocrx_word' id='word_1_109' title='bbox 852 1767 1058 1848; x_wconf 85' lang='lat' dir='ltr'><strong>accepimus,</strong></span> <span class='ocrx_word' id='word_1_110' title='bbox 1085 1787 1146 1849; x_wconf 89' lang='lat' dir='ltr'><strong>per</strong></span> <span class='ocrx_word' id='word_1_111' title='bbox 1173 1769 1272 1850; x_wconf 87' lang='lat' dir='ltr'><strong>quod</strong></span> 
     </span>
     <span class='ocr_line' id='line_1_16' title="bbox 198 1873 1272 1957; baseline 0.003 -21"><span class='ocrx_word' id='word_1_112' title='bbox 198 1875 303 1937; x_wconf 90' lang='lat' dir='ltr'><strong>ctiam</strong></span> <span class='ocrx_word' id='word_1_113' title='bbox 329 1873 454 1954; x_wconf 79' lang='lat' dir='ltr'><strong>ignotis</strong></span> <span class='ocrx_word' id='word_1_114' title='bbox 478 1874 642 1956; x_wconf 90' lang='lat' dir='ltr'><strong>prodesse</strong></span> <span class='ocrx_word' id='word_1_115' title='bbox 667 1890 864 1957; x_wconf 88' lang='lat' dir='ltr'><strong>possumus.</strong></span> <span class='ocrx_word' id='word_1_116' title='bbox 899 1876 964 1937; x_wconf 87' lang='lat' dir='ltr'><strong>Aut</strong></span> <span class='ocrx_word' id='word_1_117' title='bbox 989 1874 1124 1936; x_wconf 85' lang='lat' dir='ltr'><strong>breuiter</strong></span> <span class='ocrx_word' id='word_1_118' title='bbox 1147 1875 1272 1957; x_wconf 81' lang='lat' dir='ltr'><strong>quibus</strong></span> 
     </span>
     <span class='ocr_line' id='line_1_17' title="bbox 199 1980 1272 2062; baseline 0.004 -19"><span class='ocrx_word' id='word_1_119' title='bbox 199 1982 237 2043; x_wconf 88' lang='lat' dir='ltr'><strong>de</strong></span> <span class='ocrx_word' id='word_1_120' title='bbox 261 1982 368 2060; x_wconf 76' lang='lat' dir='ltr'><strong>reduc,</strong></span> <span class='ocrx_word' id='word_1_121' title='bbox 392 1982 459 2043; x_wconf 90' lang='lat' dir='ltr'><strong>hoc</strong></span> <span class='ocrx_word' id='word_1_122' title='bbox 485 1980 604 2044; x_wconf 90' lang='lat' dir='ltr'><strong>modo:</strong></span> <span class='ocrx_word' id='word_1_123' title='bbox 631 1983 718 2045; x_wconf 87' lang='lat' dir='ltr'><strong>Cum</strong></span> <span class='ocrx_word' id='word_1_124' title='bbox 744 2000 823 2062; x_wconf 88' lang='lat' dir='ltr'><strong>ergo</strong></span> <span class='ocrx_word' id='word_1_125' title='bbox 848 1981 883 2043; x_wconf 92' lang='lat' dir='ltr'><strong>in</strong></span> <span class='ocrx_word' id='word_1_126' title='bbox 908 1982 1077 2044; x_wconf 92' lang='lat' dir='ltr'><strong>iudicium</strong></span> <span class='ocrx_word' id='word_1_127' title='bbox 1101 1982 1145 2044; x_wconf 91' lang='lat' dir='ltr'><strong>sit</strong></span> <span class='ocrx_word' id='word_1_128' title='bbox 1168 2003 1272 2047; x_wconf 76' lang='lat' dir='ltr'><strong>voca-</strong></span> 
     </span>
     <span class='ocr_line' id='line_1_18' title="bbox 198 2088 1272 2171; baseline 0.003 -21"><span class='ocrx_word' id='word_1_129' title='bbox 198 2095 253 2150; x_wconf 87' lang='lat' dir='ltr'><strong>tus</strong></span> <span class='ocrx_word' id='word_1_130' title='bbox 278 2088 421 2151; x_wconf 87' lang='lat' dir='ltr'><strong>Archias</strong></span> <span class='ocrx_word' id='word_1_131' title='bbox 441 2109 460 2151; x_wconf 92' lang='lat' dir='ltr'><strong>a</strong></span> <span class='ocrx_word' id='word_1_132' title='bbox 480 2089 661 2168; x_wconf 74' lang='lat' dir='ltr'><strong>Gracchol,</strong></span> <span class='ocrx_word' id='word_1_133' title='bbox 686 2090 780 2171; x_wconf 83' lang='lat' dir='ltr'><strong>quod</strong></span> <span class='ocrx_word' id='word_1_134' title='bbox 805 2109 875 2151; x_wconf 94' lang='lat' dir='ltr'><strong>non</strong></span> <span class='ocrx_word' id='word_1_135' title='bbox 901 2089 944 2151; x_wconf 90' lang='lat' dir='ltr'><strong>sit</strong></span> <span class='ocrx_word' id='word_1_136' title='bbox 968 2089 1063 2166; x_wconf 77' lang='lat' dir='ltr'><strong>ciris,</strong></span> <span class='ocrx_word' id='word_1_137' title='bbox 1077 2107 1138 2170; x_wconf 91' lang='lat' dir='ltr'><strong>ego</strong></span> <span class='ocrx_word' id='word_1_138' title='bbox 1155 2096 1272 2153; x_wconf 89' lang='lat' dir='ltr'><strong>osteu-</strong></span> 
     </span>
     <span class='ocr_line' id='line_1_19' title="bbox 201 2195 1272 2278; baseline 0.003 -21"><span class='ocrx_word' id='word_1_139' title='bbox 201 2196 283 2258; x_wconf 88' lang='lat' dir='ltr'><strong>dam</strong></span> <span class='ocrx_word' id='word_1_140' title='bbox 317 2215 397 2258; x_wconf 92' lang='lat' dir='ltr'><strong>eum</strong></span> <span class='ocrx_word' id='word_1_141' title='bbox 431 2213 505 2257; x_wconf 90' lang='lat' dir='ltr'><strong>esse</strong></span> <span class='ocrx_word' id='word_1_142' title='bbox 530 2195 655 2271; x_wconf 80' lang='lat' dir='ltr'><strong>civem3</strong></span> <span class='ocrx_word' id='word_1_143' title='bbox 681 2202 713 2258; x_wconf 88' lang='lat' dir='ltr'><strong>et</strong></span> <span class='ocrx_word' id='word_1_144' title='bbox 737 2196 772 2257; x_wconf 93' lang='lat' dir='ltr'><strong>id</strong></span> <span class='ocrx_word' id='word_1_145' title='bbox 797 2195 939 2277; x_wconf 85' lang='lat' dir='ltr'><strong>quidem</strong></span> <span class='ocrx_word' id='word_1_146' title='bbox 964 2216 1025 2278; x_wconf 92' lang='lat' dir='ltr'><strong>per</strong></span> <span class='ocrx_word' id='word_1_147' title='bbox 1048 2202 1150 2259; x_wconf 88' lang='lat' dir='ltr'><strong>testes</strong></span> <span class='ocrx_word' id='word_1_148' title='bbox 1175 2198 1272 2261; x_wconf 93' lang='lat' dir='ltr'><strong>locu-</strong></span> 
     </span>
     <span class='ocr_line' id='line_1_20' title="bbox 200 2301 808 2385; baseline 0.002 -21"><span class='ocrx_word' id='word_1_149' title='bbox 200 2302 410 2385; x_wconf 90' lang='lat' dir='ltr'><strong>pletissimos</strong></span> <span class='ocrx_word' id='word_1_150' title='bbox 435 2308 467 2365; x_wconf 91' lang='lat' dir='ltr'><strong>et</strong></span> <span class='ocrx_word' id='word_1_151' title='bbox 490 2301 558 2365; x_wconf 89' lang='lat' dir='ltr'><strong>fide</strong></span> <span class='ocrx_word' id='word_1_152' title='bbox 583 2302 808 2384; x_wconf 86' lang='lat' dir='ltr'><strong>dignissimos</strong></span> 
     </span>
    </p>
   </div>
   <div class='ocr_carea' id='block_1_3' title="bbox 198 2434 1272 3171">
    <p class='ocr_par' dir='ltr' id='par_1_3' title="bbox 198 2434 1272 3171">
     <span class='ocr_line' id='line_1_21' title="bbox 288 2434 1269 2530; baseline 0.004 -22"><span class='ocrx_word' id='word_1_153' title='bbox 288 2445 388 2530; x_wconf 74' lang='lat'>1‚4§</span> <span class='ocrx_word' id='word_1_154' title='bbox 411 2450 427 2508; x_wconf 90' lang='grc'>7</span> <span class='ocrx_word' id='word_1_155' title='bbox 454 2445 600 2521; x_wconf 86' lang='lat' dir='ltr'><strong>docilem,</strong></span> <span class='ocrx_word' id='word_1_156' title='bbox 627 2446 813 2509; x_wconf 83' lang='lat' dir='ltr'><strong>benivolum</strong></span> <span class='ocrx_word' id='word_1_157' title='bbox 839 2446 902 2527; x_wconf 87' lang='lat' dir='ltr'><strong>[et]</strong></span> <span class='ocrx_word' id='word_1_158' title='bbox 928 2452 1086 2509; x_wconf 79' lang='lat' dir='ltr'><strong>attentum</strong></span> <span class='ocrx_word' id='word_1_159' title='bbox 1113 2434 1269 2512; x_wconf 80' lang='lat' dir='ltr'><strong>Mutatus</strong></span> 
     </span>
     <span class='ocr_line' id='line_1_22' title="bbox 200 2553 1271 2635; baseline 0.007 -21"><span class='ocrx_word' id='word_1_160' title='bbox 200 2559 251 2615; x_wconf 88' lang='lat' dir='ltr'><strong>est</strong></span> <span class='ocrx_word' id='word_1_161' title='bbox 275 2553 360 2615; x_wconf 92' lang='lat' dir='ltr'><strong>ordo</strong></span> <span class='ocrx_word' id='word_1_162' title='bbox 385 2553 607 2617; x_wconf 86' lang='lat' dir='ltr'><strong>librariorum</strong></span> <span class='ocrx_word' id='word_1_163' title='bbox 632 2554 847 2635; x_wconf 81' lang='lat' dir='ltr'><strong>negligentia.</strong></span> <span class='ocrx_word' id='word_1_164' title='bbox 896 2555 986 2616; x_wconf 88' lang='lat' dir='ltr'><strong>Nam</strong></span> <span class='ocrx_word' id='word_1_165' title='bbox 1011 2574 1051 2617; x_wconf 92' lang='lat' dir='ltr'><strong>eo</strong></span> <span class='ocrx_word' id='word_1_166' title='bbox 1077 2555 1197 2619; x_wconf 89' lang='lat' dir='ltr'><strong>ordine</strong></span> <span class='ocrx_word' id='word_1_167' title='bbox 1216 2558 1271 2621; x_wconf 92' lang='lat' dir='ltr'><strong>Ci-</strong></span> 
     </span>
     <span class='ocr_line' id='line_1_23' title="bbox 200 2661 1272 2743; baseline 0.006 -22"><span class='ocrx_word' id='word_1_168' title='bbox 200 2678 277 2722; x_wconf 90' lang='lat' dir='ltr'><strong>cero</strong></span> <span class='ocrx_word' id='word_1_169' title='bbox 302 2661 508 2741; x_wconf 86' lang='lat' dir='ltr'><strong>composuit,</strong></span> <span class='ocrx_word' id='word_1_170' title='bbox 534 2680 603 2743; x_wconf 88' lang='lat' dir='ltr'><strong>quo</strong></span> <span class='ocrx_word' id='word_1_171' title='bbox 629 2667 680 2723; x_wconf 90' lang='lat' dir='ltr'><strong>est</strong></span> <span class='ocrx_word' id='word_1_172' title='bbox 703 2666 921 2723; x_wconf 78' lang='lat' dir='ltr'><strong>tractaturus</strong></span> <span class='ocrx_word' id='word_1_173' title='bbox 960 2661 1064 2738; x_wconf 88' lang='lat' dir='ltr'><strong>Quin,</strong></span> <span class='ocrx_word' id='word_1_174' title='bbox 1082 2661 1191 2725; x_wconf 91' lang='lat' dir='ltr'><strong>immo</strong></span> <span class='ocrx_word' id='word_1_175' title='bbox 1209 2683 1272 2727; x_wconf 89' lang='lat' dir='ltr'><strong>na-</strong></span> 
     </span>
     <span class='ocr_line' id='line_1_24' title="bbox 199 2767 1271 2851; baseline 0.006 -23"><span class='ocrx_word' id='word_1_176' title='bbox 199 2768 307 2829; x_wconf 86' lang='lat' dir='ltr'><strong>turale</strong></span> <span class='ocrx_word' id='word_1_177' title='bbox 343 2773 403 2847; x_wconf 86' lang='lat' dir='ltr'><strong>est,</strong></span> <span class='ocrx_word' id='word_1_178' title='bbox 428 2774 465 2830; x_wconf 93' lang='lat' dir='ltr'><strong>nt</strong></span> <span class='ocrx_word' id='word_1_179' title='bbox 489 2768 602 2851; x_wconf 92' lang='lat' dir='ltr'><strong>primo</strong></span> <span class='ocrx_word' id='word_1_180' title='bbox 627 2767 774 2830; x_wconf 77' lang='lat' dir='ltr'><strong>velimus</strong></span> <span class='ocrx_word' id='word_1_181' title='bbox 799 2767 925 2846; x_wconf 92' lang='lat' dir='ltr'><strong>doceri,</strong></span> <span class='ocrx_word' id='word_1_182' title='bbox 949 2775 1068 2850; x_wconf 88' lang='lat' dir='ltr'><strong>postea</strong></span> <span class='ocrx_word' id='word_1_183' title='bbox 1094 2789 1171 2832; x_wconf 90' lang='lat' dir='ltr'><strong>cum</strong></span> <span class='ocrx_word' id='word_1_184' title='bbox 1195 2790 1271 2834; x_wconf 91' lang='lat' dir='ltr'><strong>om-</strong></span> 
     </span>
     <span class='ocr_line' id='line_1_25' title="bbox 200 2874 1271 2959; baseline 0.006 -24"><span class='ocrx_word' id='word_1_185' title='bbox 200 2874 235 2935; x_wconf 91' lang='lat' dir='ltr'><strong>ni</strong></span> <span class='ocrx_word' id='word_1_186' title='bbox 260 2875 437 2956; x_wconf 85' lang='lat' dir='ltr'><strong>diligentia</strong></span> <span class='ocrx_word' id='word_1_187' title='bbox 461 2881 494 2937; x_wconf 89' lang='lat' dir='ltr'><strong>et</strong></span> <span class='ocrx_word' id='word_1_188' title='bbox 518 2875 705 2938; x_wconf 89' lang='lat' dir='ltr'><strong>attentione</strong></span> <span class='ocrx_word' id='word_1_189' title='bbox 730 2875 926 2954; x_wconf 90' lang='lat' dir='ltr'><strong>audiamus,</strong></span> <span class='ocrx_word' id='word_1_190' title='bbox 951 2876 1031 2938; x_wconf 91' lang='lat' dir='ltr'><strong>inde</strong></span> <span class='ocrx_word' id='word_1_191' title='bbox 1055 2875 1084 2938; x_wconf 94' lang='lat' dir='ltr'><strong>is</strong></span> <span class='ocrx_word' id='word_1_192' title='bbox 1109 2877 1168 2959; x_wconf 88' lang='lat' dir='ltr'><strong>qui</strong></span> <span class='ocrx_word' id='word_1_193' title='bbox 1194 2896 1271 2942; x_wconf 90' lang='lat' dir='ltr'><strong>ora-</strong></span> 
     </span>
     <span class='ocr_line' id='line_1_26' title="bbox 198 2982 1270 3065; baseline 0.006 -23"><span class='ocrx_word' id='word_1_194' title='bbox 198 2988 296 3043; x_wconf 88' lang='lat' dir='ltr'><strong>turus</strong></span> <span class='ocrx_word' id='word_1_195' title='bbox 320 2989 387 3062; x_wconf 81' lang='lat' dir='ltr'><strong>est,</strong></span> <span class='ocrx_word' id='word_1_196' title='bbox 406 2982 507 3045; x_wconf 93' lang='lat' dir='ltr'><strong>nobis</strong></span> <span class='ocrx_word' id='word_1_197' title='bbox 531 2983 592 3045; x_wconf 89' lang='lat' dir='ltr'><strong>fiat</strong></span> <span class='ocrx_word' id='word_1_198' title='bbox 616 2983 797 3046; x_wconf 90' lang='lat' dir='ltr'><strong>benivolus</strong></span> <span class='ocrx_word' id='word_1_199' title='bbox 819 2983 905 3045; x_wconf 92' lang='lat' dir='ltr'><strong>adeo</strong></span> <span class='ocrx_word' id='word_1_200' title='bbox 931 2983 1024 3065; x_wconf 86' lang='lat' dir='ltr'><strong>quod</strong></span> <span class='ocrx_word' id='word_1_201' title='bbox 1042 2984 1142 3047; x_wconf 89' lang='lat' dir='ltr'><strong>abeo</strong></span> <span class='ocrx_word' id='word_1_202' title='bbox 1160 2984 1270 3048; x_wconf 92' lang='lat' dir='ltr'><strong>liben-</strong></span> 
     </span>
     <span class='ocr_line' id='line_1_27' title="bbox 198 3088 806 3171; baseline 0.007 -22"><span class='ocrx_word' id='word_1_203' title='bbox 198 3088 266 3151; x_wconf 89' lang='lat' dir='ltr'><strong>tius</strong></span> <span class='ocrx_word' id='word_1_204' title='bbox 292 3109 398 3171; x_wconf 85' lang='lat' dir='ltr'><strong>quam</strong></span> <span class='ocrx_word' id='word_1_205' title='bbox 422 3109 442 3152; x_wconf 90' lang='lat' dir='ltr'><strong>a</strong></span> <span class='ocrx_word' id='word_1_206' title='bbox 467 3090 586 3153; x_wconf 87' lang='lat' dir='ltr'><strong>ceteris</strong></span> <span class='ocrx_word' id='word_1_207' title='bbox 611 3090 806 3153; x_wconf 91' lang='lat' dir='ltr'><strong>audiamus.</strong></span> 
     </span>
    </p>
   </div>
   <div class='ocr_carea' id='block_1_4' title="bbox 197 3231 1329 3633">
    <p class='ocr_par' dir='ltr' id='par_1_4' title="bbox 197 3231 1329 3633">
     <span class='ocr_line' id='line_1_28' title="bbox 289 3231 1269 3316; baseline 0.005 -23"><span class='ocrx_word' id='word_1_208' title='bbox 289 3233 313 3308; x_wconf 88' lang='lat' dir='ltr'><strong>l,</strong></span> <span class='ocrx_word' id='word_1_209' title='bbox 340 3234 359 3293; x_wconf 79' lang='lat'>5</span> <span class='ocrx_word' id='word_1_210' title='bbox 384 3232 406 3315; x_wconf 61' lang='grc' dir='ltr'><strong>ς’</strong></span> <span class='ocrx_word' id='word_1_211' title='bbox 429 3235 449 3295; x_wconf 91' lang='grc'><strong>8</strong></span> <span class='ocrx_word' id='word_1_212' title='bbox 475 3232 509 3295; x_wconf 90' lang='lat' dir='ltr'><strong>in</strong></span> <span class='ocrx_word' id='word_1_213' title='bbox 540 3231 665 3295; x_wconf 88' lang='lat' dir='ltr'><strong>amicos</strong></span> <span class='ocrx_word' id='word_1_214' title='bbox 689 3233 859 3296; x_wconf 89' lang='lat' dir='ltr'><strong>Oraturus</strong></span> <span class='ocrx_word' id='word_1_215' title='bbox 885 3233 1003 3296; x_wconf 88' lang='lat' dir='ltr'><strong>Cicero</strong></span> <span class='ocrx_word' id='word_1_216' title='bbox 1028 3234 1141 3316; x_wconf 94' lang='lat' dir='ltr'><strong>primo</strong></span> <span class='ocrx_word' id='word_1_217' title='bbox 1167 3237 1269 3298; x_wconf 90' lang='lat' dir='ltr'><strong>Pom-</strong></span> 
     </span>
     <span class='ocr_line' id='line_1_29' title="bbox 199 3338 1269 3422; baseline 0.002 -21"><span class='ocrx_word' id='word_1_218' title='bbox 199 3338 275 3421; x_wconf 92' lang='lat' dir='ltr'><strong>peio</strong></span> <span class='ocrx_word' id='word_1_219' title='bbox 300 3339 506 3422; x_wconf 90' lang='lat' dir='ltr'><strong>imperatore</strong></span> <span class='ocrx_word' id='word_1_220' title='bbox 531 3339 712 3421; x_wconf 87' lang='lat' dir='ltr'><strong>deligendo</strong></span> <span class='ocrx_word' id='word_1_221' title='bbox 737 3341 773 3402; x_wconf 90' lang='lat' dir='ltr'><strong>in</strong></span> <span class='ocrx_word' id='word_1_222' title='bbox 798 3347 956 3403; x_wconf 90' lang='lat' dir='ltr'><strong>senatum</strong></span> <span class='ocrx_word' id='word_1_223' title='bbox 983 3341 1125 3403; x_wconf 91' lang='lat' dir='ltr'><strong>accessit</strong></span> <span class='ocrx_word' id='word_1_224' title='bbox 1151 3342 1269 3404; x_wconf 91' lang='lat' dir='ltr'><strong>insoli-</strong></span> 
     </span>
     <span class='ocr_line' id='line_1_30' title="bbox 197 3448 1268 3531; baseline 0.003 -23"><span class='ocrx_word' id='word_1_225' title='bbox 197 3453 262 3509; x_wconf 83' lang='lat' dir='ltr'><strong>tus</strong></span> <span class='ocrx_word' id='word_1_226' title='bbox 296 3448 361 3511; x_wconf 89' lang='lat' dir='ltr'><strong>Sed</strong></span> <span class='ocrx_word' id='word_1_227' title='bbox 387 3448 468 3530; x_wconf 86' lang='lat' dir='ltr'><strong>quia</strong></span> <span class='ocrx_word' id='word_1_228' title='bbox 493 3448 566 3510; x_wconf 90' lang='lat' dir='ltr'><strong>cius</strong></span> <span class='ocrx_word' id='word_1_229' title='bbox 591 3448 807 3510; x_wconf 69' lang='lat' dir='ltr'><strong>audentiamt</strong></span> <span class='ocrx_word' id='word_1_230' title='bbox 825 3448 942 3510; x_wconf 91' lang='lat' dir='ltr'><strong>mirari</strong></span> <span class='ocrx_word' id='word_1_231' title='bbox 961 3449 1119 3510; x_wconf 84' lang='lat' dir='ltr'><strong>nonrmlli</strong></span> <span class='ocrx_word' id='word_1_232' title='bbox 1137 3451 1268 3531; x_wconf 90' lang='lat' dir='ltr'><strong>potuis-</strong></span> 
     </span>
     <span class='ocr_line' id='line_1_31' title="bbox 197 3555 1329 3633; baseline 0.002 -17"><span class='ocrx_word' id='word_1_233' title='bbox 197 3561 283 3633; x_wconf 88' lang='lat' dir='ltr'><strong>sent,</strong></span> <span class='ocrx_word' id='word_1_234' title='bbox 320 3556 355 3617; x_wconf 92' lang='lat' dir='ltr'><strong>in</strong></span> <span class='ocrx_word' id='word_1_235' title='bbox 396 3557 489 3618; x_wconf 93' lang='lat' dir='ltr'><strong>hunc</strong></span> <span class='ocrx_word' id='word_1_236' title='bbox 526 3555 670 3617; x_wconf 87' lang='lat' dir='ltr'><strong>modurn</strong></span> <span class='ocrx_word' id='word_1_237' title='bbox 707 3575 848 3618; x_wconf 81' lang='lat' dir='ltr'><strong>exorsus</strong></span> <span class='ocrx_word' id='word_1_238' title='bbox 885 3563 948 3618; x_wconf 90' lang='lat' dir='ltr'><strong>cst:</strong></span> <span class='ocrx_word' id='word_1_239' title='bbox 990 3556 1101 3617; x_wconf 83' lang='lat' dir='ltr'><strong>Nolite</strong></span> <span class='ocrx_word' id='word_1_240' title='bbox 1139 3557 1269 3633; x_wconf 89' lang='lat' dir='ltr'><strong>mirari,</strong></span> <span class='ocrx_word' id='word_1_241' title='bbox 1325 3620 1329 3626; x_wconf 70' lang='grc'><strong>,</strong></span> 
     </span>
    </p>
   </div>
   <div class='ocr_carea' id='block_1_5' title="bbox 288 3732 1217 3975">
    <p class='ocr_par' dir='ltr' id='par_1_5' title="bbox 288 3732 1217 3975">
     <span class='ocr_line' id='line_1_32' title="bbox 289 3732 690 3812; baseline 0 -17"><span class='ocrx_word' id='word_1_242' title='bbox 289 3732 300 3768; x_wconf 71' lang='lat'>¹</span> <span class='ocrx_word' id='word_1_243' title='bbox 325 3742 431 3796; x_wconf 84' lang='lat' dir='ltr'><strong>Gratio</strong></span> <span class='ocrx_word' id='word_1_244' title='bbox 457 3741 615 3812; x_wconf 75' lang='lat' dir='ltr'><strong>legendum</strong></span> <span class='ocrx_word' id='word_1_245' title='bbox 641 3744 690 3795; x_wconf 86' lang='lat' dir='ltr'><strong>cst.</strong></span> 
     </span>
     <span class='ocr_line' id='line_1_33' title="bbox 288 3821 1217 3902; baseline 0.002 -18"><span class='ocrx_word' id='word_1_246' title='bbox 288 3821 299 3856; x_wconf 74' lang='lat'><strong>‘²</strong></span> <span class='ocrx_word' id='word_1_247' title='bbox 325 3830 369 3885; x_wconf 87' lang='lat' dir='ltr'><strong>Cf.</strong></span> <span class='ocrx_word' id='word_1_248' title='bbox 395 3831 455 3885; x_wconf 87' lang='lat' dir='ltr'><strong>Cic.</strong></span> <span class='ocrx_word' id='word_1_249' title='bbox 482 3847 539 3902; x_wconf 90' lang='lat' dir='ltr'><strong>pro</strong></span> <span class='ocrx_word' id='word_1_250' title='bbox 564 3831 656 3885; x_wconf 78' lang='lat' dir='ltr'><strong>Arch.</strong></span> <span class='ocrx_word' id='word_1_251' title='bbox 683 3831 706 3899; x_wconf 88' lang='lat'><strong>1,</strong></span> <span class='ocrx_word' id='word_1_252' title='bbox 731 3831 748 3896; x_wconf 62' lang='grc' dir='ltr'>ξ</span> <span class='ocrx_word' id='word_1_253' title='bbox 774 3832 795 3884; x_wconf 92' lang='lat' dir='ltr'><strong>l.</strong></span> <span class='ocrx_word' id='word_1_254' title='bbox 845 3821 856 3856; x_wconf 72' lang='lat'><em>²</em></span> <span class='ocrx_word' id='word_1_255' title='bbox 881 3831 1021 3885; x_wconf 77' lang='lat' dir='ltr'><strong>titatium</strong></span> <span class='ocrx_word' id='word_1_256' title='bbox 1049 3831 1217 3900; x_wconf 76' lang='lat' dir='ltr'><strong>lcpcrultun.</strong></span> 
     </span>
     <span class='ocr_line' id='line_1_34' title="bbox 288 3910 572 3975; baseline -0.004 -1"><span class='ocrx_word' id='word_1_257' title='bbox 288 3910 300 3945; x_wconf 76' lang='lat'><strong>3</strong></span> <span class='ocrx_word' id='word_1_258' title='bbox 324 3920 515 3975; x_wconf 85' lang='lat' dir='ltr'><strong>audientiam</strong></span> <span class='ocrx_word' id='word_1_259' title='bbox 543 3920 572 3974; x_wconf 95' lang='lat' dir='ltr'><strong>h.</strong></span> 
     </span>
    </p>
   </div>
   <div class='ocr_carea' id='block_1_6' title="bbox 0 0 1365 4254">
    <p class='ocr_par' dir='ltr' id='par_1_6' title="bbox 0 0 1365 4254">
     <span class='ocr_line' id='line_1_35' title="bbox 0 0 1365 4254; baseline 0 0"><span class='ocrx_word' id='word_1_260' title='bbox 0 0 1365 4254; x_wconf 95' lang='lat' dir='ltr'><strong> </strong></span> 
     </span>
    </p>
   </div>
  </div>
 </body>
</html>
