<?xml version="1.0" encoding="UTF-8"?>
<!DOCTYPE html PUBLIC "-//W3C//DTD XHTML 1.0 Transitional//EN"
    "http://www.w3.org/TR/xhtml1/DTD/xhtml1-transitional.dtd">
<html xmlns="http://www.w3.org/1999/xhtml" xml:lang="en" lang="en">
 <head>
  <title>
</title>
<meta http-equiv="Content-Type" content="text/html;charset=utf-8" />
  <meta name='ocr-system' content='tesseract 3.04.00' />
  <meta name='ocr-capabilities' content='ocr_page ocr_carea ocr_par ocr_line ocrx_word'/>
</head>
<body>
  <div class='ocr_page' id='page_1' title='image "./descholiisrheto00poulgoog_0084.png"; bbox 0 0 2716 4254; ppageno 0'>
   <div class='ocr_carea' id='block_1_1' title="bbox 592 179 769 236">
    <p class='ocr_par' dir='ltr' id='par_1_1' title="bbox 592 179 769 236">
     <span class='ocr_line' id='line_1_1' title="bbox 592 179 769 236; baseline 0.006 -17"><span class='ocrx_word' id='word_1_1' title='bbox 592 179 769 236; x_wconf 70' lang='grc' dir='ltr'>..Π-</span> 
     </span>
    </p>
   </div>
   <div class='ocr_carea' id='block_1_2' title="bbox 139 332 1212 505">
    <p class='ocr_par' dir='ltr' id='par_1_2' title="bbox 139 332 1212 505">
     <span class='ocr_line' id='line_1_2' title="bbox 139 332 1212 415; baseline -0.001 -19"><span class='ocrx_word' id='word_1_2' title='bbox 139 333 366 398; x_wconf 76' lang='lat' dir='ltr'>pulchritudo</span> <span class='ocrx_word' id='word_1_3' title='bbox 391 334 495 415; x_wconf 90' lang='lat' dir='ltr'>igitur</span> <span class='ocrx_word' id='word_1_4' title='bbox 519 335 686 398; x_wconf 91' lang='lat' dir='ltr'>orationis</span> <span class='ocrx_word' id='word_1_5' title='bbox 711 353 782 396; x_wconf 93' lang='lat' dir='ltr'>non</span> <span class='ocrx_word' id='word_1_6' title='bbox 807 353 846 395; x_wconf 82' lang='lat' dir='ltr'>cx</span> <span class='ocrx_word' id='word_1_7' title='bbox 872 333 985 396; x_wconf 82' lang='lat' dir='ltr'>verbis</span> <span class='ocrx_word' id='word_1_8' title='bbox 1010 339 1071 412; x_wconf 88' lang='lat' dir='ltr'>est,</span> <span class='ocrx_word' id='word_1_9' title='bbox 1088 332 1148 396; x_wconf 91' lang='lat' dir='ltr'>sed</span> <span class='ocrx_word' id='word_1_10' title='bbox 1172 353 1212 395; x_wconf 89' lang='lat' dir='ltr'>ex</span> 
     </span>
     <span class='ocr_line' id='line_1_3' title="bbox 139 431 893 505; baseline 0 -2"><span class='ocrx_word' id='word_1_11' title='bbox 139 441 245 504; x_wconf 89' lang='lat' dir='ltr'>rebus</span> <span class='ocrx_word' id='word_1_12' title='bbox 268 441 411 504; x_wconf 79' lang='lat' dir='ltr'>veniens</span> <span class='ocrx_word' id='word_1_13' title='bbox 436 440 578 505; x_wconf 87' lang='lat' dir='ltr'>licenter</span> <span class='ocrx_word' id='word_1_14' title='bbox 602 440 714 505; x_wconf 85' lang='lat' dir='ltr'>dictis.</span> <span class='ocrx_word' id='word_1_15' title='bbox 892 431 893 434; x_wconf 28' lang='lat'>¹</span> 
     </span>
    </p>
   </div>
   <div class='ocr_carea' id='block_1_3' title="bbox 123 594 1217 1775">
    <p class='ocr_par' dir='ltr' id='par_1_3' title="bbox 123 594 1217 1775">
     <span class='ocr_line' id='line_1_4' title="bbox 234 594 1213 704; baseline -0.002 -20"><span class='ocrx_word' id='word_1_16' title='bbox 234 621 290 700; x_wconf 87' lang='lat' dir='ltr'>lV,</span> <span class='ocrx_word' id='word_1_17' title='bbox 314 623 354 684; x_wconf 83' lang='lat'>37</span> <span class='ocrx_word' id='word_1_18' title='bbox 373 619 453 704; x_wconf 71' lang='lat'>§.49</span> <span class='ocrx_word' id='word_1_19' title='bbox 478 594 553 684; x_wconf 75' lang='lat' dir='ltr'>dum</span> <span class='ocrx_word' id='word_1_20' title='bbox 578 625 636 683; x_wconf 84' lang='lat' dir='ltr'>out</span> <span class='ocrx_word' id='word_1_21' title='bbox 660 618 706 682; x_wconf 80' lang='lat' dir='ltr'>tta</span> <span class='ocrx_word' id='word_1_22' title='bbox 731 618 949 702; x_wconf 72' lang='lat' dir='ltr'>obiurgemus</span> <span class='ocrx_word' id='word_1_23' title='bbox 972 619 1143 683; x_wconf 88' lang='lat' dir='ltr'>Dicendo:</span> <span class='ocrx_word' id='word_1_24' title='bbox 1162 619 1213 683; x_wconf 92' lang='lat' dir='ltr'>ni-</span> 
     </span>
     <span class='ocr_line' id='line_1_5' title="bbox 143 724 1214 812; baseline -0.003 -21"><span class='ocrx_word' id='word_1_25' title='bbox 143 728 211 791; x_wconf 91' lang='lat' dir='ltr'>mis</span> <span class='ocrx_word' id='word_1_26' title='bbox 244 724 356 812; x_wconf 82' lang='lat' dir='ltr'>est&lt;is&gt;</span> <span class='ocrx_word' id='word_1_27' title='bbox 392 747 555 810; x_wconf 86' lang='lat' dir='ltr'>nequam,</span> <span class='ocrx_word' id='word_1_28' title='bbox 591 727 696 790; x_wconf 92' lang='lat' dir='ltr'>nimis</span> <span class='ocrx_word' id='word_1_29' title='bbox 728 725 808 790; x_wconf 88' lang='lat' dir='ltr'>estis</span> <span class='ocrx_word' id='word_1_30' title='bbox 844 725 993 789; x_wconf 89' lang='lat' dir='ltr'>crudelis</span> <span class='ocrx_word' id='word_1_31' title='bbox 1025 732 1057 789; x_wconf 85' lang='lat' dir='ltr'>et</span> <span class='ocrx_word' id='word_1_32' title='bbox 1085 726 1214 809; x_wconf 89' lang='lat' dir='ltr'>impius</span> 
     </span>
     <span class='ocr_line' id='line_1_6' title="bbox 142 832 1214 918; baseline -0.002 -20"><span class='ocrx_word' id='word_1_33' title='bbox 142 840 245 918; x_wconf 91' lang='lat' dir='ltr'>atque</span> <span class='ocrx_word' id='word_1_34' title='bbox 281 854 431 914; x_wconf 88' lang='lat' dir='ltr'>severus,</span> <span class='ocrx_word' id='word_1_35' title='bbox 459 835 714 916; x_wconf 87' lang='lat' dir='ltr'>aliquantulum</span> <span class='ocrx_word' id='word_1_36' title='bbox 751 832 882 897; x_wconf 89' lang='lat' dir='ltr'>debetis</span> <span class='ocrx_word' id='word_1_37' title='bbox 918 852 981 896; x_wconf 86' lang='lat' dir='ltr'>vos</span> <span class='ocrx_word' id='word_1_38' title='bbox 1014 839 1214 916; x_wconf 87' lang='lat' dir='ltr'>temperare.</span> 
     </span>
     <span class='ocr_line' id='line_1_7' title="bbox 144 941 1214 1026; baseline -0.002 -21"><span class='ocrx_word' id='word_1_39' title='bbox 144 941 211 1006; x_wconf 90' lang='lat' dir='ltr'>Hic</span> <span class='ocrx_word' id='word_1_40' title='bbox 244 941 385 1005; x_wconf 82' lang='lat' dir='ltr'><strong>simulat</strong></span> <span class='ocrx_word' id='word_1_41' title='bbox 412 961 447 1004; x_wconf 87' lang='lat' dir='ltr'>sc</span> <span class='ocrx_word' id='word_1_42' title='bbox 481 941 651 1024; x_wconf 86' lang='lat' dir='ltr'><strong>corripere</strong></span> <span class='ocrx_word' id='word_1_43' title='bbox 681 941 793 1019; x_wconf 90' lang='lat' dir='ltr'>illum,</span> <span class='ocrx_word' id='word_1_44' title='bbox 817 960 897 1004; x_wconf 94' lang='lat' dir='ltr'>cum</span> <span class='ocrx_word' id='word_1_45' title='bbox 923 946 1038 1026; x_wconf 82' lang='lat' dir='ltr'>tamen</span> <span class='ocrx_word' id='word_1_46' title='bbox 1064 941 1214 1004; x_wconf 80' lang='lat' dir='ltr'>maxime</span> 
     </span>
     <span class='ocr_line' id='line_1_8' title="bbox 143 1046 1214 1131; baseline -0.001 -19"><span class='ocrx_word' id='word_1_47' title='bbox 143 1048 344 1113; x_wconf 87' lang='lat' dir='ltr'><strong>blandiatur</strong></span> <span class='ocrx_word' id='word_1_48' title='bbox 374 1049 403 1111; x_wconf 89' lang='lat' dir='ltr'>ei</span> <span class='ocrx_word' id='word_1_49' title='bbox 434 1055 465 1112; x_wconf 89' lang='lat' dir='ltr'>et</span> <span class='ocrx_word' id='word_1_50' title='bbox 489 1049 665 1128; x_wconf 89' lang='lat' dir='ltr'>assentiat,</span> <span class='ocrx_word' id='word_1_51' title='bbox 690 1047 772 1131; x_wconf 90' lang='lat' dir='ltr'>quia</span> <span class='ocrx_word' id='word_1_52' title='bbox 795 1046 908 1130; x_wconf 89' lang='lat' dir='ltr'>placet</span> <span class='ocrx_word' id='word_1_53' title='bbox 932 1047 974 1126; x_wconf 91' lang='lat' dir='ltr'>ei,</span> <span class='ocrx_word' id='word_1_54' title='bbox 998 1047 1092 1131; x_wconf 93' lang='lat' dir='ltr'>quod</span> <span class='ocrx_word' id='word_1_55' title='bbox 1117 1048 1214 1111; x_wconf 85' lang='lat' dir='ltr'>dixit.</span> 
     </span>
     <span class='ocr_line' id='line_1_9' title="bbox 144 1153 1214 1238; baseline -0.001 -19"><span class='ocrx_word' id='word_1_56' title='bbox 144 1156 187 1219; x_wconf 89' lang='lat' dir='ltr'>Et</span> <span class='ocrx_word' id='word_1_57' title='bbox 214 1155 331 1238; x_wconf 89' lang='lat' dir='ltr'>itaque</span> <span class='ocrx_word' id='word_1_58' title='bbox 355 1155 506 1219; x_wconf 76' lang='lat' dir='ltr'>ostendit</span> <span class='ocrx_word' id='word_1_59' title='bbox 529 1155 598 1236; x_wconf 88' lang='lat' dir='ltr'>hic,</span> <span class='ocrx_word' id='word_1_60' title='bbox 622 1154 799 1238; x_wconf 92' lang='lat' dir='ltr'>quomodo</span> <span class='ocrx_word' id='word_1_61' title='bbox 824 1153 947 1218; x_wconf 89' lang='lat' dir='ltr'>debeat</span> <span class='ocrx_word' id='word_1_62' title='bbox 970 1154 1044 1218; x_wconf 90' lang='lat' dir='ltr'>fieri</span> <span class='ocrx_word' id='word_1_63' title='bbox 1061 1155 1214 1218; x_wconf 88' lang='lat' dir='ltr'>secunda</span> 
     </span>
     <span class='ocr_line' id='line_1_10' title="bbox 143 1261 1216 1346; baseline -0.002 -20"><span class='ocrx_word' id='word_1_64' title='bbox 143 1262 275 1346; x_wconf 90' lang='lat' dir='ltr'>species</span> <span class='ocrx_word' id='word_1_65' title='bbox 315 1262 473 1343; x_wconf 85' lang='lat' dir='ltr'>licentiae,</span> <span class='ocrx_word' id='word_1_66' title='bbox 511 1283 590 1346; x_wconf 88' lang='lat' dir='ltr'>quae</span> <span class='ocrx_word' id='word_1_67' title='bbox 630 1263 680 1326; x_wconf 91' lang='lat' dir='ltr'>sic</span> <span class='ocrx_word' id='word_1_68' title='bbox 715 1261 934 1325; x_wconf 87' lang='lat' dir='ltr'>describitur:</span> <span class='ocrx_word' id='word_1_69' title='bbox 977 1261 1130 1326; x_wconf 83' lang='lat' dir='ltr'>Licentia</span> <span class='ocrx_word' id='word_1_70' title='bbox 1166 1269 1216 1326; x_wconf 90' lang='lat' dir='ltr'>est</span> 
     </span>
     <span class='ocr_line' id='line_1_11' title="bbox 144 1369 1215 1452; baseline 0 -20"><span class='ocrx_word' id='word_1_71' title='bbox 144 1389 277 1449; x_wconf 90' lang='lat' dir='ltr'>eorum,</span> <span class='ocrx_word' id='word_1_72' title='bbox 301 1389 379 1452; x_wconf 89' lang='lat' dir='ltr'>quae</span> <span class='ocrx_word' id='word_1_73' title='bbox 403 1370 470 1452; x_wconf 89' lang='lat' dir='ltr'>ipsi</span> <span class='ocrx_word' id='word_1_74' title='bbox 494 1370 616 1434; x_wconf 87' lang='lat' dir='ltr'>volunt</span> <span class='ocrx_word' id='word_1_75' title='bbox 640 1369 770 1449; x_wconf 90' lang='lat' dir='ltr'>audire,</span> <span class='ocrx_word' id='word_1_76' title='bbox 795 1375 915 1432; x_wconf 90' lang='lat' dir='ltr'>contra</span> <span class='ocrx_word' id='word_1_77' title='bbox 938 1369 1075 1451; x_wconf 88' lang='lat' dir='ltr'>aliquos</span> <span class='ocrx_word' id='word_1_78' title='bbox 1099 1369 1215 1433; x_wconf 91' lang='lat' dir='ltr'>obiur-</span> 
     </span>
     <span class='ocr_line' id='line_1_12' title="bbox 143 1459 1216 1559; baseline 0 -20"><span class='ocrx_word' id='word_1_79' title='bbox 143 1477 245 1558; x_wconf 89' lang='lat' dir='ltr'>gatio.</span> <span class='ocrx_word' id='word_1_80' title='bbox 297 1477 404 1540; x_wconf 85' lang='lat' dir='ltr'>Aliter</span> <span class='ocrx_word' id='word_1_81' title='bbox 443 1497 524 1541; x_wconf 88' lang='lat' dir='ltr'>vero</span> <span class='ocrx_word' id='word_1_82' title='bbox 564 1478 626 1541; x_wconf 88' lang='lat' dir='ltr'>ita:</span> <span class='ocrx_word' id='word_1_83' title='bbox 663 1459 805 1556; x_wconf 85' lang='lat' dir='ltr'>Eorum,</span> <span class='ocrx_word' id='word_1_84' title='bbox 840 1496 917 1559; x_wconf 88' lang='lat' dir='ltr'>quae</span> <span class='ocrx_word' id='word_1_85' title='bbox 953 1467 1083 1539; x_wconf 90' lang='lat' dir='ltr'>scimus</span> <span class='ocrx_word' id='word_1_86' title='bbox 1117 1476 1216 1539; x_wconf 86' lang='lat' dir='ltr'>facile</span> 
     </span>
     <span class='ocr_line' id='line_1_13' title="bbox 123 1567 1217 1676; baseline 0.001 -30"><span class='ocrx_word' id='word_1_87' title='bbox 123 1667 129 1676; x_wconf 93' lang='lat'><em>.</em></span> <span class='ocrx_word' id='word_1_88' title='bbox 143 1583 336 1663; x_wconf 66' lang='lat' dir='ltr'>audituros</span> <span class='ocrx_word' id='word_1_89' title='bbox 352 1584 500 1666; x_wconf 85' lang='lat' dir='ltr'>qualiter</span> <span class='ocrx_word' id='word_1_90' title='bbox 515 1584 583 1668; x_wconf 91' lang='lat' dir='ltr'>ipsi</span> <span class='ocrx_word' id='word_1_91' title='bbox 596 1584 779 1667; x_wconf 83' lang='lat' dir='ltr'>accipiant,</span> <span class='ocrx_word' id='word_1_92' title='bbox 792 1582 953 1665; x_wconf 87' lang='lat' dir='ltr'>quaedam</span> <span class='ocrx_word' id='word_1_93' title='bbox 967 1583 1101 1648; x_wconf 90' lang='lat' dir='ltr'>timoris</span> <span class='ocrx_word' id='word_1_94' title='bbox 1114 1567 1217 1665; x_wconf 79' lang='lat' dir='ltr'>sigrii-</span> 
     </span>
     <span class='ocr_line' id='line_1_14' title="bbox 144 1691 913 1775; baseline 0 -21"><span class='ocrx_word' id='word_1_95' title='bbox 144 1691 271 1754; x_wconf 87' lang='lat' dir='ltr'>ficatio.</span> <span class='ocrx_word' id='word_1_96' title='bbox 320 1692 363 1753; x_wconf 90' lang='lat' dir='ltr'>Et</span> <span class='ocrx_word' id='word_1_97' title='bbox 387 1691 429 1755; x_wconf 91' lang='lat' dir='ltr'>de</span> <span class='ocrx_word' id='word_1_98' title='bbox 454 1698 599 1775; x_wconf 90' lang='lat' dir='ltr'>utraque</span> <span class='ocrx_word' id='word_1_99' title='bbox 623 1691 722 1775; x_wconf 90' lang='lat' dir='ltr'>ponit</span> <span class='ocrx_word' id='word_1_100' title='bbox 745 1691 913 1773; x_wconf 85' lang='lat' dir='ltr'>exempla.</span> 
     </span>
    </p>
   </div>
   <div class='ocr_carea' id='block_1_4' title="bbox 141 1867 1226 3557">
    <p class='ocr_par' dir='ltr' id='par_1_4' title="bbox 141 1867 1226 3557">
     <span class='ocr_line' id='line_1_15' title="bbox 236 1867 1218 1956; baseline -0.002 -24"><span class='ocrx_word' id='word_1_101' title='bbox 236 1869 292 1949; x_wconf 88' lang='lat' dir='ltr'>lV,</span> <span class='ocrx_word' id='word_1_102' title='bbox 317 1872 359 1933; x_wconf 88' lang='grc'>38</span> <span class='ocrx_word' id='word_1_103' title='bbox 382 1868 405 1952; x_wconf 67' lang='grc' dir='ltr'>ξ</span> <span class='ocrx_word' id='word_1_104' title='bbox 429 1873 470 1933; x_wconf 88' lang='lat'>50</span> <span class='ocrx_word' id='word_1_105' title='bbox 495 1869 684 1932; x_wconf 76' lang='lat' dir='ltr'>Demittult‘o</span> <span class='ocrx_word' id='word_1_106' title='bbox 709 1902 723 1934; x_wconf 68' lang='lat' dir='ltr'>a</span> <span class='ocrx_word' id='word_1_107' title='bbox 744 1901 794 1934; x_wconf 70' lang='lat' dir='ltr'>*a</span> <span class='ocrx_word' id='word_1_108' title='bbox 820 1868 905 1931; x_wconf 85' lang='lat' dir='ltr'>alias</span> <span class='ocrx_word' id='word_1_109' title='bbox 930 1867 1075 1956; x_wconf 73' lang='grc' dir='ltr'>λιτόῑης1</span> <span class='ocrx_word' id='word_1_110' title='bbox 1091 1868 1218 1931; x_wconf 83' lang='lat' dir='ltr'>dicitur</span> 
     </span>
     <span class='ocr_line' id='line_1_16' title="bbox 145 1975 1217 2059; baseline -0.001 -21"><span class='ocrx_word' id='word_1_111' title='bbox 145 1994 254 2058; x_wconf 87' lang='lat' dir='ltr'>graece</span> <span class='ocrx_word' id='word_1_112' title='bbox 267 1976 330 2039; x_wconf 92' lang='lat' dir='ltr'>iste</span> <span class='ocrx_word' id='word_1_113' title='bbox 343 1976 449 2055; x_wconf 89' lang='lat' dir='ltr'>color,</span> <span class='ocrx_word' id='word_1_114' title='bbox 466 1976 609 2058; x_wconf 92' lang='lat' dir='ltr'>quando</span> <span class='ocrx_word' id='word_1_115' title='bbox 626 1976 753 2059; x_wconf 86' lang='lat' dir='ltr'>aliquis</span> <span class='ocrx_word' id='word_1_116' title='bbox 770 1975 932 2038; x_wconf 88' lang='lat' dir='ltr'>humiliat</span> <span class='ocrx_word' id='word_1_117' title='bbox 948 1995 984 2038; x_wconf 91' lang='lat' dir='ltr'>se</span> <span class='ocrx_word' id='word_1_118' title='bbox 1001 1976 1037 2039; x_wconf 95' lang='lat' dir='ltr'>in</span> <span class='ocrx_word' id='word_1_119' title='bbox 1055 1975 1217 2059; x_wconf 31' lang='lat' dir='ltr'>eo„quod</span> 
     </span>
     <span class='ocr_line' id='line_1_17' title="bbox 145 2081 1219 2165; baseline -0.002 -19"><span class='ocrx_word' id='word_1_120' title='bbox 145 2082 262 2162; x_wconf 87' lang='lat' dir='ltr'>habet,</span> <span class='ocrx_word' id='word_1_121' title='bbox 287 2102 329 2146; x_wconf 90' lang='lat' dir='ltr'>ne</span> <span class='ocrx_word' id='word_1_122' title='bbox 353 2083 511 2146; x_wconf 86' lang='lat' dir='ltr'>videatur</span> <span class='ocrx_word' id='word_1_123' title='bbox 534 2084 588 2146; x_wconf 93' lang='lat' dir='ltr'>sui</span> <span class='ocrx_word' id='word_1_124' title='bbox 612 2088 811 2164; x_wconf 86' lang='lat' dir='ltr'>ostentator,</span> <span class='ocrx_word' id='word_1_125' title='bbox 836 2089 874 2144; x_wconf 91' lang='lat' dir='ltr'>ut</span> <span class='ocrx_word' id='word_1_126' title='bbox 897 2082 998 2146; x_wconf 88' lang='lat' dir='ltr'>illud:</span> <span class='ocrx_word' id='word_1_127' title='bbox 1021 2082 1050 2145; x_wconf 90' lang='lat' dir='ltr'>si</span> <span class='ocrx_word' id='word_1_128' title='bbox 1067 2081 1149 2165; x_wconf 93' lang='lat' dir='ltr'>quid</span> <span class='ocrx_word' id='word_1_129' title='bbox 1168 2089 1219 2145; x_wconf 88' lang='lat' dir='ltr'>est</span> 
     </span>
     <span class='ocr_line' id='line_1_18' title="bbox 141 2189 1218 2281; baseline -0.001 -29"><span class='ocrx_word' id='word_1_130' title='bbox 141 2190 184 2281; x_wconf 20' lang='lat' dir='ltr'>‘in</span> <span class='ocrx_word' id='word_1_131' title='bbox 209 2209 264 2252; x_wconf 90' lang='lat' dir='ltr'>me</span> <span class='ocrx_word' id='word_1_132' title='bbox 289 2190 416 2272; x_wconf 84' lang='lat' dir='ltr'>ingenii</span> <span class='ocrx_word' id='word_1_133' title='bbox 441 2197 503 2254; x_wconf 90' lang='lat' dir='ltr'>etc.</span> <span class='ocrx_word' id='word_1_134' title='bbox 536 2191 592 2254; x_wconf 90' lang='lat' dir='ltr'>Sic</span> <span class='ocrx_word' id='word_1_135' title='bbox 608 2189 828 2254; x_wconf 89' lang='lat' dir='ltr'>describitur:</span> <span class='ocrx_word' id='word_1_136' title='bbox 847 2190 1048 2254; x_wconf 87' lang='lat' dir='ltr'>Deminutio</span> <span class='ocrx_word' id='word_1_137' title='bbox 1065 2196 1116 2253; x_wconf 86' lang='lat' dir='ltr'>est</span> <span class='ocrx_word' id='word_1_138' title='bbox 1133 2189 1218 2269; x_wconf 86' lang='lat' dir='ltr'>eius,</span> 
     </span>
     <span class='ocr_line' id='line_1_19' title="bbox 146 2294 1219 2386; baseline 0.001 -28"><span class='ocrx_word' id='word_1_139' title='bbox 146 2296 242 2379; x_wconf 92' lang='lat' dir='ltr'>quod</span> <span class='ocrx_word' id='word_1_140' title='bbox 274 2296 403 2360; x_wconf 89' lang='lat' dir='ltr'>scimus</span> <span class='ocrx_word' id='word_1_141' title='bbox 428 2297 463 2360; x_wconf 93' lang='lat' dir='ltr'>in</span> <span class='ocrx_word' id='word_1_142' title='bbox 489 2298 591 2361; x_wconf 92' lang='lat' dir='ltr'>nobis</span> <span class='ocrx_word' id='word_1_143' title='bbox 615 2317 689 2386; x_wconf 86' lang='lat' dir='ltr'>esse</span> <span class='ocrx_word' id='word_1_144' title='bbox 714 2294 808 2382; x_wconf 82' lang='lat' dir='ltr'>[esse]</span> <span class='ocrx_word' id='word_1_145' title='bbox 833 2297 1017 2380; x_wconf 84' lang='lat' dir='ltr'>egregium,</span> <span class='ocrx_word' id='word_1_146' title='bbox 1041 2297 1086 2360; x_wconf 90' lang='lat' dir='ltr'>ad</span> <span class='ocrx_word' id='word_1_147' title='bbox 1110 2296 1219 2360; x_wconf 90' lang='lat' dir='ltr'>vitan·</span> 
     </span>
     <span class='ocr_line' id='line_1_20' title="bbox 147 2403 1221 2487; baseline -0.001 -21"><span class='ocrx_word' id='word_1_148' title='bbox 147 2403 230 2466; x_wconf 86' lang='lat' dir='ltr'>dam</span> <span class='ocrx_word' id='word_1_149' title='bbox 250 2403 483 2485; x_wconf 72' lang='lat' dir='ltr'>arrogantiam</span> <span class='ocrx_word' id='word_1_150' title='bbox 500 2404 661 2487; x_wconf 86' lang='lat' dir='ltr'>quaedam</span> <span class='ocrx_word' id='word_1_151' title='bbox 680 2403 879 2467; x_wconf 89' lang='lat' dir='ltr'>attenuatio.</span> <span class='ocrx_word' id='word_1_152' title='bbox 913 2405 980 2480; x_wconf 89' lang='lat' dir='ltr'>Iste</span> <span class='ocrx_word' id='word_1_153' title='bbox 996 2410 1112 2467; x_wconf 89' lang='lat' dir='ltr'>autem</span> <span class='ocrx_word' id='word_1_154' title='bbox 1126 2405 1221 2467; x_wconf 92' lang='lat' dir='ltr'>color</span> 
     </span>
     <span class='ocr_line' id='line_1_21' title="bbox 147 2510 1219 2594; baseline -0.001 -20"><span class='ocrx_word' id='word_1_155' title='bbox 147 2517 199 2574; x_wconf 89' lang='lat' dir='ltr'>est</span> <span class='ocrx_word' id='word_1_156' title='bbox 215 2517 357 2574; x_wconf 88' lang='lat' dir='ltr'>ornatus</span> <span class='ocrx_word' id='word_1_157' title='bbox 374 2512 634 2592; x_wconf 86' lang='lat' dir='ltr'>sententiarum,</span> <span class='ocrx_word' id='word_1_158' title='bbox 651 2530 731 2575; x_wconf 94' lang='lat' dir='ltr'>cum</span> <span class='ocrx_word' id='word_1_159' title='bbox 745 2510 862 2574; x_wconf 92' lang='lat' dir='ltr'>minus</span> <span class='ocrx_word' id='word_1_160' title='bbox 876 2510 1011 2592; x_wconf 90' lang='lat' dir='ltr'>dicitur,</span> <span class='ocrx_word' id='word_1_161' title='bbox 1024 2512 1103 2594; x_wconf 91' lang='lat' dir='ltr'>plus</span> <span class='ocrx_word' id='word_1_162' title='bbox 1117 2510 1219 2592; x_wconf 90' lang='lat' dir='ltr'>signi·</span> 
     </span>
     <span class='ocr_line' id='line_1_22' title="bbox 147 2617 1219 2702; baseline 0 -22"><span class='ocrx_word' id='word_1_163' title='bbox 147 2618 281 2680; x_wconf 88' lang='lat' dir='ltr'>licatur.</span> <span class='ocrx_word' id='word_1_164' title='bbox 330 2618 372 2680; x_wconf 87' lang='lat' dir='ltr'>Et</span> <span class='ocrx_word' id='word_1_165' title='bbox 396 2617 461 2681; x_wconf 92' lang='lat' dir='ltr'>ista</span> <span class='ocrx_word' id='word_1_166' title='bbox 485 2619 595 2700; x_wconf 88' lang='lat' dir='ltr'>figura</span> <span class='ocrx_word' id='word_1_167' title='bbox 619 2619 746 2682; x_wconf 86' lang='lat' dir='ltr'>usitata</span> <span class='ocrx_word' id='word_1_168' title='bbox 770 2624 820 2681; x_wconf 91' lang='lat' dir='ltr'>est</span> <span class='ocrx_word' id='word_1_169' title='bbox 842 2618 1053 2682; x_wconf 86' lang='lat' dir='ltr'>innaturali</span> <span class='ocrx_word' id='word_1_170' title='bbox 1070 2618 1219 2702; x_wconf 77' lang='lat' dir='ltr'>loquela,</span> 
     </span>
     <span class='ocr_line' id='line_1_23' title="bbox 149 2723 1220 2808; baseline 0.002 -22"><span class='ocrx_word' id='word_1_171' title='bbox 149 2729 187 2786; x_wconf 89' lang='lat' dir='ltr'>ut</span> <span class='ocrx_word' id='word_1_172' title='bbox 220 2742 299 2787; x_wconf 93' lang='lat' dir='ltr'>cum</span> <span class='ocrx_word' id='word_1_173' title='bbox 325 2723 474 2788; x_wconf 89' lang='lat' dir='ltr'>dicimus</span> <span class='ocrx_word' id='word_1_174' title='bbox 498 2732 531 2788; x_wconf 92' lang='lat' dir='ltr'>et</span> <span class='ocrx_word' id='word_1_175' title='bbox 554 2725 757 2808; x_wconf 67' lang='lat' dir='ltr'>quaerimus:</span> <span class='ocrx_word' id='word_1_176' title='bbox 788 2725 949 2805; x_wconf 87' lang='lat' dir='ltr'>Domine,</span> <span class='ocrx_word' id='word_1_177' title='bbox 973 2723 1067 2788; x_wconf 87' lang='lat' dir='ltr'>scitis</span> <span class='ocrx_word' id='word_1_178' title='bbox 1091 2745 1153 2788; x_wconf 88' lang='lat' dir='ltr'>vos</span> <span class='ocrx_word' id='word_1_179' title='bbox 1178 2725 1220 2787; x_wconf 90' lang='lat' dir='ltr'>de</span> 
     </span>
     <span class='ocr_line' id='line_1_24' title="bbox 148 2827 1221 2914; baseline 0 -20"><span class='ocrx_word' id='word_1_180' title='bbox 148 2832 215 2895; x_wconf 89' lang='lat' dir='ltr'>hac</span> <span class='ocrx_word' id='word_1_181' title='bbox 239 2851 289 2907; x_wconf 89' lang='lat' dir='ltr'>re;</span> <span class='ocrx_word' id='word_1_182' title='bbox 314 2837 347 2893; x_wconf 87' lang='lat' dir='ltr'>et</span> <span class='ocrx_word' id='word_1_183' title='bbox 371 2832 591 2914; x_wconf 90' lang='lat' dir='ltr'>respondeat:</span> <span class='ocrx_word' id='word_1_184' title='bbox 619 2833 734 2897; x_wconf 91' lang='lat' dir='ltr'>Unum</span> <span class='ocrx_word' id='word_1_185' title='bbox 753 2851 877 2914; x_wconf 89' lang='lat' dir='ltr'>parum</span> <span class='ocrx_word' id='word_1_186' title='bbox 895 2832 977 2896; x_wconf 91' lang='lat' dir='ltr'>scio.</span> <span class='ocrx_word' id='word_1_187' title='bbox 1011 2833 1054 2895; x_wconf 90' lang='lat' dir='ltr'>Et</span> <span class='ocrx_word' id='word_1_188' title='bbox 1071 2839 1122 2896; x_wconf 86' lang='lat' dir='ltr'>est</span> <span class='ocrx_word' id='word_1_189' title='bbox 1137 2827 1221 2895; x_wconf 91' lang='lat' dir='ltr'>tunc</span> 
     </span>
     <span class='ocr_line' id='line_1_25' title="bbox 149 2938 1221 3002; baseline 0.002 -2"><span class='ocrx_word' id='word_1_190' title='bbox 149 2956 286 3001; x_wconf 91' lang='lat' dir='ltr'>sensus:</span> <span class='ocrx_word' id='word_1_191' title='bbox 320 2938 469 3001; x_wconf 88' lang='lat' dir='ltr'>Multum</span> <span class='ocrx_word' id='word_1_192' title='bbox 495 2939 566 3002; x_wconf 89' lang='lat' dir='ltr'>scio</span> <span class='ocrx_word' id='word_1_193' title='bbox 592 2939 682 3002; x_wconf 89' lang='lat' dir='ltr'>inde.</span> <span class='ocrx_word' id='word_1_194' title='bbox 716 2939 849 3002; x_wconf 84' lang='lat' dir='ltr'>Nectit</span> <span class='ocrx_word' id='word_1_195' title='bbox 873 2959 914 3002; x_wconf 85' lang='lat' dir='ltr'>ex</span> <span class='ocrx_word' id='word_1_196' title='bbox 935 2939 1123 3002; x_wconf 86' lang='lat' dir='ltr'>verborum</span> <span class='ocrx_word' id='word_1_197' title='bbox 1140 2958 1221 3002; x_wconf 89' lang='lat' dir='ltr'>con·</span> 
     </span>
     <span class='ocr_line' id='line_1_26' title="bbox 147 3044 1217 3128; baseline 0.001 -20"><span class='ocrx_word' id='word_1_198' title='bbox 147 3044 343 3108; x_wconf 89' lang='lat' dir='ltr'>tinuatione</span> <span class='ocrx_word' id='word_1_199' title='bbox 367 3045 430 3108; x_wconf 90' lang='lat' dir='ltr'>iste</span> <span class='ocrx_word' id='word_1_200' title='bbox 454 3046 560 3126; x_wconf 89' lang='lat' dir='ltr'>color,</span> <span class='ocrx_word' id='word_1_201' title='bbox 577 3045 637 3109; x_wconf 91' lang='lat' dir='ltr'>sed</span> <span class='ocrx_word' id='word_1_202' title='bbox 654 3064 695 3109; x_wconf 83' lang='lat' dir='ltr'>cx</span> <span class='ocrx_word' id='word_1_203' title='bbox 711 3045 939 3128; x_wconf 90' lang='lat' dir='ltr'>dispositione</span> <span class='ocrx_word' id='word_1_204' title='bbox 956 3047 1217 3110; x_wconf 88' lang='lat' dir='ltr'>sententiarum.</span> 
     </span>
     <span class='ocr_line' id='line_1_27' title="bbox 151 3151 1224 3235; baseline 0.003 -22"><span class='ocrx_word' id='word_1_205' title='bbox 151 3151 206 3214; x_wconf 90' lang='lat' dir='ltr'>Fit</span> <span class='ocrx_word' id='word_1_206' title='bbox 240 3158 355 3215; x_wconf 89' lang='lat' dir='ltr'>autem</span> <span class='ocrx_word' id='word_1_207' title='bbox 391 3152 428 3214; x_wconf 90' lang='lat' dir='ltr'>in</span> <span class='ocrx_word' id='word_1_208' title='bbox 463 3152 660 3235; x_wconf 88' lang='lat' dir='ltr'>aliquarum</span> <span class='ocrx_word' id='word_1_209' title='bbox 696 3173 810 3216; x_wconf 90' lang='lat' dir='ltr'>rerum</span> <span class='ocrx_word' id='word_1_210' title='bbox 848 3153 1128 3235; x_wconf 83' lang='lat' dir='ltr'>augmentatione</span> <span class='ocrx_word' id='word_1_211' title='bbox 1164 3160 1224 3217; x_wconf 86' lang='lat' dir='ltr'>aut</span> 
     </span>
     <span class='ocr_line' id='line_1_28' title="bbox 151 3258 1223 3344; baseline 0.004 -24"><span class='ocrx_word' id='word_1_212' title='bbox 151 3258 364 3321; x_wconf 89' lang='lat' dir='ltr'>naturalium</span> <span class='ocrx_word' id='word_1_213' title='bbox 390 3265 450 3322; x_wconf 90' lang='lat' dir='ltr'>aut</span> <span class='ocrx_word' id='word_1_214' title='bbox 473 3260 665 3323; x_wconf 90' lang='lat' dir='ltr'>casualium</span> <span class='ocrx_word' id='word_1_215' title='bbox 691 3266 750 3322; x_wconf 90' lang='lat' dir='ltr'>aut</span> <span class='ocrx_word' id='word_1_216' title='bbox 774 3279 905 3341; x_wconf 88' lang='lat' dir='ltr'>earum,</span> <span class='ocrx_word' id='word_1_217' title='bbox 922 3279 1000 3342; x_wconf 87' lang='lat' dir='ltr'>quae</span> <span class='ocrx_word' id='word_1_218' title='bbox 1016 3281 1078 3344; x_wconf 87' lang='lat' dir='ltr'>per</span> <span class='ocrx_word' id='word_1_219' title='bbox 1101 3261 1223 3344; x_wconf 90' lang='lat' dir='ltr'>ampli-</span> 
     </span>
     <span class='ocr_line' id='line_1_29' title="bbox 152 3364 1224 3451; baseline 0.003 -24"><span class='ocrx_word' id='word_1_220' title='bbox 152 3364 350 3429; x_wconf 81' lang='lat' dir='ltr'>ficationem</span> <span class='ocrx_word' id='word_1_221' title='bbox 375 3365 530 3449; x_wconf 91' lang='lat' dir='ltr'>aliquam</span> <span class='ocrx_word' id='word_1_222' title='bbox 555 3367 659 3430; x_wconf 89' lang='lat' dir='ltr'>alicui</span> <span class='ocrx_word' id='word_1_223' title='bbox 684 3367 732 3430; x_wconf 89' lang='lat' dir='ltr'>rei</span> <span class='ocrx_word' id='word_1_224' title='bbox 757 3368 984 3451; x_wconf 90' lang='lat' dir='ltr'>contigerunt.</span> <span class='ocrx_word' id='word_1_225' title='bbox 1018 3367 1084 3431; x_wconf 90' lang='lat' dir='ltr'>Sed</span> <span class='ocrx_word' id='word_1_226' title='bbox 1108 3387 1151 3430; x_wconf 93' lang='lat' dir='ltr'>ne</span> <span class='ocrx_word' id='word_1_227' title='bbox 1176 3367 1224 3447; x_wconf 86' lang='lat' dir='ltr'>vi-</span> 
     </span>
     <span class='ocr_line' id='line_1_30' title="bbox 153 3472 1226 3557; baseline 0.003 -23"><span class='ocrx_word' id='word_1_228' title='bbox 153 3472 276 3535; x_wconf 89' lang='lat' dir='ltr'>deatur</span> <span class='ocrx_word' id='word_1_229' title='bbox 308 3474 516 3555; x_wconf 83' lang='lat' dir='ltr'>arrogantia,</span> <span class='ocrx_word' id='word_1_230' title='bbox 551 3475 580 3537; x_wconf 92' lang='lat' dir='ltr'>si</span> <span class='ocrx_word' id='word_1_231' title='bbox 616 3475 783 3538; x_wconf 79' lang='lat' dir='ltr'>minime²</span> <span class='ocrx_word' id='word_1_232' title='bbox 816 3475 962 3555; x_wconf 86' lang='lat' dir='ltr'>dicatur,</span> <span class='ocrx_word' id='word_1_233' title='bbox 987 3474 1065 3538; x_wconf 91' lang='lat' dir='ltr'>ideo</span> <span class='ocrx_word' id='word_1_234' title='bbox 1089 3475 1168 3557; x_wconf 90' lang='lat' dir='ltr'>plus</span> <span class='ocrx_word' id='word_1_235' title='bbox 1193 3481 1226 3537; x_wconf 88' lang='lat' dir='ltr'>ct</span> 
     </span>
    </p>
   </div>
   <div class='ocr_carea' id='block_1_5' title="bbox 155 3669 1115 3680">
    <p class='ocr_par' dir='ltr' id='par_1_5' title="bbox 155 3669 1115 3680">
     <span class='ocr_line' id='line_1_31' title="bbox 155 3669 1115 3680; baseline 0.002 -4"><span class='ocrx_word' id='word_1_236' title='bbox 155 3669 394 3677; x_wconf 55' lang='lat'>——--—--—-——</span> <span class='ocrx_word' id='word_1_237' title='bbox 978 3673 987 3678; x_wconf 85' lang='lat'>.</span> <span class='ocrx_word' id='word_1_238' title='bbox 1011 3674 1080 3680; x_wconf 38' lang='lat'>‡.‡.--.</span> <span class='ocrx_word' id='word_1_239' title='bbox 1101 3674 1115 3678; x_wconf 81' lang='lat'>..</span> 
     </span>
    </p>
   </div>
   <div class='ocr_carea' id='block_1_6' title="bbox 247 3775 916 3945">
    <p class='ocr_par' dir='ltr' id='par_1_6' title="bbox 247 3775 916 3945">
     <span class='ocr_line' id='line_1_32' title="bbox 248 3775 916 3857; baseline 0.004 -20"><span class='ocrx_word' id='word_1_240' title='bbox 248 3775 259 3810; x_wconf 84' lang='lat'>¹</span> <span class='ocrx_word' id='word_1_241' title='bbox 284 3783 458 3840; x_wconf 85' lang='lat' dir='ltr'>Diminutio</span> <span class='ocrx_word' id='word_1_242' title='bbox 482 3787 627 3857; x_wconf 87' lang='lat' dir='ltr'>Arptotes</span> <span class='ocrx_word' id='word_1_243' title='bbox 651 3785 729 3840; x_wconf 91' lang='lat' dir='ltr'>alias</span> <span class='ocrx_word' id='word_1_244' title='bbox 754 3786 863 3857; x_wconf 83' lang='lat' dir='ltr'>liptote</span> <span class='ocrx_word' id='word_1_245' title='bbox 888 3786 916 3840; x_wconf 92' lang='lat' dir='ltr'>h.</span> 
     </span>
     <span class='ocr_line' id='line_1_33' title="bbox 247 3867 831 3945; baseline 0.009 -20"><span class='ocrx_word' id='word_1_246' title='bbox 247 3867 258 3904; x_wconf 69' lang='lat'><strong>2</strong></span> <span class='ocrx_word' id='word_1_247' title='bbox 284 3871 417 3928; x_wconf 89' lang='lat' dir='ltr'>nimium</span> <span class='ocrx_word' id='word_1_248' title='bbox 440 3874 570 3945; x_wconf 82' lang='lat' dir='ltr'>sortasse</span> <span class='ocrx_word' id='word_1_249' title='bbox 593 3879 635 3930; x_wconf 78' lang='lat' dir='ltr'>cst</span> <span class='ocrx_word' id='word_1_250' title='bbox 659 3874 831 3945; x_wconf 72' lang='lat' dir='ltr'>legendnm.</span> 
     </span>
    </p>
   </div>
   <div class='ocr_carea' id='block_1_7' title="bbox 0 0 1373 4254">
    <p class='ocr_par' dir='ltr' id='par_1_7' title="bbox 0 0 1373 4254">
     <span class='ocr_line' id='line_1_34' title="bbox 0 0 1373 4254; baseline 0 0"><span class='ocrx_word' id='word_1_251' title='bbox 0 0 1373 4254; x_wconf 95' lang='lat' dir='ltr'> </span> 
     </span>
    </p>
   </div>
  </div>
 </body>
</html>
