2716 4254
523 193 633 267 -515
658 225 701 234 ..

75 358 109 414 et
134 351 299 414 mediocri
328 352 438 432 figura
467 351 558 413 valet
582 350 673 413 etin
697 350 792 431 gravi
817 369 902 428 non3
928 351 1010 434 quia
1035 351 1147 414 facere

76 458 281 522 huiusmodi
305 458 558 522 commotiones
582 458 683 541 quasi
708 458 838 540 puerile
863 464 923 520 est.
972 459 1015 521 Et
1031 464 1082 521 est
1098 458 1147 521 ibi

77 566 240 650 quaedam
264 565 435 648 lepiditaS‚
453 585 531 648 quae
554 571 698 628 vocatur
712 576 956 651 παρονομασία.
995 567 1035 627 ln
1051 566 1147 628 omni

76 691 200 755 genere
233 679 346 756 potest
377 674 500 736 valere.
549 674 588 734 ln
618 672 815 735 narratione
844 679 956 755 potest
980 672 1148 747 interseri,

78 781 139 844 sed
164 800 257 858 raro;
281 781 317 842 in
342 780 607 843 confirmatione
624 786 657 843 et
672 780 940 862 reprehensione
957 780 1057 843 valet.
1092 779 1148 842 Sic

77 888 299 952 describitur:
334 884 602 951 Annominatiol
627 894 679 950 est
711 887 753 950 de
784 887 954 950 vocabulo
978 887 1023 950 ad
1047 906 1148 950 voca-

78 995 203 1058 bulum
227 995 294 1058 levi
318 994 472 1078 quadam
489 995 681 1058 mutatione
698 995 861 1058 accessio.
898 995 1001 1058 ’Levi'
1020 1000 1149 1072 autem,

79 1103 162 1186 quia
186 1103 225 1164 fit
249 1101 521 1165 commutatione
545 1102 649 1164 unius
666 1102 786 1165 litlerae
802 1103 856 1165 vel
873 1102 1064 1165 litterarum
1083 1102 1149 1184 syl-

78 1210 169 1273 labae
197 1215 257 1271 aut
285 1207 509 1290 syllabarum.
557 1210 617 1272 Vel
642 1193 710 1271 alio
736 1209 855 1272 modo:
881 1207 1149 1272 Annominatio1

81 1324 133 1381 est
156 1317 198 1380 de
222 1316 393 1380 vocabulo
417 1316 462 1378 ad
485 1316 696 1379 vocabulum
713 1316 806 1379 idem
823 1318 877 1381 vel
893 1316 1074 1380 consimile
1091 1337 1152 1399 per

82 1425 192 1488 levem
217 1423 447 1487 mutationem
470 1423 639 1486 transitio.
679 1425 754 1487 Vel:
777 1406 1014 1487 consimilium
1031 1424 1151 1487 verbo-

83 1551 160 1594 rum
189 1531 234 1594 ad
264 1551 317 1594 res
342 1531 529 1594 dissimiles
553 1530 841 1594 accommodatio.
890 1533 954 1594 Per
977 1531 1082 1595 verba
1107 1531 1151 1593 si·

82 1638 179 1702 milia
196 1639 355 1719 intelligit
371 1639 475 1701 etiam
492 1637 652 1715 nomina3
670 1639 724 1700 vel
741 1638 891 1719 intellige
908 1658 1037 1701 nomen
1054 1638 1150 1701 illam

82 1752 217 1829 partem
241 1746 419 1825 orationis,
444 1752 476 1809 et
495 1765 556 1828 per
571 1744 717 1809 verbum
735 1746 915 1828 quodlibet
930 1746 1151 1810 vocabulum.

83 1855 174 1916 Nam
207 1872 335 1916 nomen
369 1859 401 1916 et
431 1853 575 1916 verbum
601 1853 693 1932 large
716 1873 779 1935 pro
804 1853 959 1936 quolibet
981 1853 1152 1916 vocabulo

83 1961 142 2024 hic
165 1961 393 2043 accipiuntur.
990 1964 992 1969 '

175 2105 231 2183 lV,
255 2107 294 2167 21
321 2102 343 2188 ξ
367 2106 409 2167 29
434 2102 698 2166 commutatione.
737 2103 802 2166 Hic
819 2102 855 2164 in
872 2103 1038 2165 omnibus
1055 2103 1152 2165 libris

84 2217 246 2294 corrupta
275 2217 326 2274 est
349 2211 478 2303 littera..
519 2210 586 2274 Sed
610 2211 688 2274 talis
713 2210 815 2273 debet
838 2230 927 2273 esse:
953 2211 1154 2274 Commuta-

84 2320 179 2383 tione
213 2319 316 2381 unius
344 2319 465 2382 litterae
489 2325 550 2381 aut
573 2319 776 2397 litterarum,
801 2317 943 2400 syllabae
968 2324 1027 2380 aut
1051 2319 1153 2401 sylla-

85 2427 221 2490 barum.
258 2426 411 2504 Quidam
428 2426 508 2489 libri
525 2425 656 2488 habent
672 2426 955 2489 'commutatione
971 2426 1025 2488 vel
1042 2425 1154 2488 adiec-

85 2534 202 2614 tione'‚
226 2534 287 2597 sed
311 2554 374 2616 pro
399 2533 509 2596 nihilo
534 2539 585 2596 est
608 2532 668 2612 ibi,
692 2533 774 2615 quia
799 2532 865 2595 sub
882 2532 1155 2595 commutatione

86 2640 351 2724 comprehendit
375 2660 496 2704 omnes
521 2640 652 2723 species
676 2640 970 2703 commutationis
1018 2641 1157 2703 Tractat

87 2754 204 2812 autem
240 2750 307 2812 hoc
343 2748 448 2811 modo
482 2748 524 2811 de
557 2744 877 2811 annominatione2:
913 2747 1034 2810 definit
1067 2767 1157 2827 eam,

87 2861 208 2939 postea
241 2855 366 2918 dividit
397 2855 434 2918 in
464 2855 606 2937 species,
635 2855 678 2918 de
702 2855 846 2936 singulis
871 2855 1101 2937 exemplificat
1126 2861 1158 2917 et

88 2982 374 3046 unamquamque
395 2962 588 3045 specierum
606 2963 813 3045 exsequitur.
848 2963 930 3024 Haec
947 2968 1063 3025 autem
1077 2968 1159 3024 sunt

89 3071 232 3153 species,
264 3077 333 3133 tres
362 3089 423 3132 sc:
451 3069 687 3134 Commutatio
711 3070 913 3148 litterarum,
938 3075 971 3132 et
994 3069 1158 3133 consimi-

88 3177 176 3241 lium
211 3178 397 3241 verborum
432 3177 660 3240 commutatio
695 3177 767 3239 sive
803 3177 1080 3240 accommodatio
1114 3177 1158 3240 ad

90 3285 241 3362 diversa3
267 3292 300 3348 et
321 3285 421 3348 tertia
446 3291 497 3348 est
521 3304 561 3347 ex
585 3284 634 3347 eis
659 3284 863 3367 composita,
880 3304 958 3367 quae
976 3290 1160 3366 utramque

89 3393 283 3476 participat.
296 3430 329 3437 —
343 3430 376 3437 —
391 3430 424 3437 —

182 3537 238 3616 lV,
263 3540 301 3600 21
328 3534 351 3620 ξ
374 3538 417 3599 29
446 3535 500 3598 lu'c
524 3532 646 3597 iudices
671 3534 780 3596 uidete.
819 3535 971 3612 Quidam
996 3533 1075 3596 libri
1100 3535 1160 3596 ha·

90 3644 176 3707 bent
207 3645 274 3706 hoc
307 3644 518 3725 exemplum:
546 3642 637 3704 Malo
662 3660 736 3704 esse
760 3642 921 3703 laudator
945 3660 1051 3723 quarn
1076 3641 1159 3702 adu-

93 3805 464 3812 .-——....—-———-.-....
643 3802 1048 3808 ——-.-.———-...-—....
1059 3804 1062 3807 .
1074 3801 1160 3808 —..

184 3890 192 3927 ¹
219 3897 447 3970 Agnominatio.
540 3887 552 3924 ²
576 3897 844 3968 Agnominatione.
