2716 4254
576 235 624 253 -·
645 214 707 273 120
732 246 773 253 -

142 371 209 450 Qui
234 371 419 434 emendare
443 370 558 433 conati
579 376 670 448 sunt,
687 391 814 434 nomen
831 370 1095 461 substantivum
1112 368 1211 454 (velut

141 499 220 559 rem,
244 476 393 562 speciem)
420 477 547 559 requiri
572 477 725 560 plerique
754 484 928 559 putarunt.
983 477 1117 540 Contra
1141 498 1210 541 ver-

141 585 224 649 bum
261 592 293 647 et
328 585 609 648 coniunctionem
640 590 675 647 ut
697 585 858 666 equidem
882 585 1014 648 omissa
1045 604 1124 648 esse
1143 605 1209 649 cre-

140 692 298 755 diderim.
326 694 443 774 ltaque
468 675 651 773 legendum
676 711 749 755 esse
771 711 908 756 censeo:
935 712 975 754 ne
995 690 1093 754 cuius
1108 713 1210 774 penus

137 799 296 882 posueris,
332 799 400 861 eius
434 799 480 862 sic
516 804 625 865 utare
660 798 774 881 aliqua
812 798 939 862 diuersa
975 819 1016 862 ac
1058 798 1210 863 dissimili

137 911 241 990 parte,
277 915 325 973 ut
355 926 465 988 ponus
500 905 532 968 in
566 906 677 968 eadem
698 905 883 988 partitione.
924 906 1112 970 Sententiae
1136 908 1208 970 haee

141 1014 228 1076 bene
259 1014 486 1089 conveniunt;
511 1014 554 1076 ab
585 1014 758 1096 exemplo,
773 1014 866 1076 enim
890 1014 1109 1078 antecedenti
1134 1035 1207 1097 pro-

137 1121 245 1184 fectus
262 1121 429 1203 (>›i9itur›>)
446 1120 564 1183 Cicero
581 1121 681 1202 quasi
695 1121 933 1203 praescriptum
946 1127 1007 1184 aut
1020 1121 1206 1185 formulam

136 1228 304 1310 exprimit.
351 1229 469 1309 Neque
493 1228 587 1309 quod
624 1228 668 1291 ad
692 1248 766 1290 rem
790 1228 1108 1311 palaeographicam
1134 1229 1206 1292 atli-

136 1342 204 1411 net,
238 1334 389 1397 difficilis
423 1341 474 1397 est
497 1335 672 1398 correctio.
721 1335 811 1397 Nam
842 1335 878 1397 in
902 1335 1096 1399 litterarum
1124 1336 1207 1399 serie

135 1442 392 1524 sicatarealiqua
417 1441 516 1504 facile
541 1442 652 1524 potuit
677 1442 782 1503 '-ure·’
804 1442 927 1523 omitti,
944 1461 1054 1524 eoque
1069 1443 1206 1506 facilius

135 1549 230 1634 qaod
264 1555 296 1612 et
330 1569 407 1631 quae
441 1549 649 1612 antecedunt
682 1555 714 1611 et
754 1569 832 1630 quae
863 1556 1056 1631 sequuntur
1086 1551 1207 1614 litterae

136 1676 261 1720 vocum
290 1657 421 1718 formas
450 1656 613 1719 efficiunt.
662 1655 747 1732 Quae
778 1663 893 1719 autem
918 1656 965 1719 ita
989 1657 1207 1720 exstiterunt:

136 1763 221 1826 sicut
255 1762 370 1844 aliqua
406 1763 534 1825 diuersa
566 1783 605 1825 ac
634 1762 786 1825 dissimili
805 1769 901 1847 parte
925 1768 960 1826 ut
979 1783 1100 1846 ponas,
1128 1784 1207 1827 cum

134 1871 215 1934 ferri
256 1890 327 1933 non
366 1877 517 1951 possent,
555 1890 574 1932 a
615 1871 755 1933 librario
796 1871 843 1933 ita
883 1876 934 1933 est
966 1871 1206 1934 emendatum:

136 1978 220 2040 sicut
244 1977 357 2059 aliqua
381 1976 507 2039 diuersa
524 1998 563 2039 uc
580 1976 738 2039 dissimile
748 1982 877 2060 partem
891 1997 1010 2061 ponas.
1058 1977 1209 2041 Ablativi

137 2092 169 2148 et
201 2084 391 2147 accusativi
421 2086 551 2147 formas
580 2084 684 2147 etiam
715 2085 750 2146 in
776 2084 916 2165 optimis
941 2084 1124 2148 codicibus
1149 2105 1209 2148 sae·

138 2192 280 2273 pissime
306 2192 431 2253 mutari
458 2212 528 2254 non
553 2211 641 2272 opus
666 2198 716 2253 est
741 2210 890 2254 monere.

225 2349 282 2414 32⁹
317 2348 435 2435 (131130)
474 2353 498 2431 l,
535 2354 587 2431 23,
626 2355 667 2414 33
703 2351 767 2414 hoc
802 2352 909 2427 modo,
954 2353 1042 2415 R:
1073 2351 1110 2416 C.
1161 2354 1209 2415 Ea

136 2460 241 2522 verba
272 2479 350 2521 cum
384 2459 440 2521 hic
468 2460 583 2540 inepta
608 2458 687 2537 sint,
713 2479 732 2521 a
758 2461 910 2540 Kaysero
933 2460 979 2521 W
1004 2459 1050 2521 Fr
1074 2461 1208 2523 seclusa

136 2573 226 2629 sunt.
276 2566 340 2629 Sed
373 2566 464 2629 unde
489 2567 712 2629 exstiterunt?
759 2567 919 2629 Fortasse
944 2585 1024 2629 cum
1049 2573 1130 2628 ante
1155 2568 1206 2630 vel

136 2679 213 2756 post
240 2673 384 2751 partitur
421 2672 525 2756 (quod
560 2675 663 2754 paulo
700 2673 789 2735 infra
825 2670 991 2756 sequitur)
1027 2679 1119 2736 stare
1150 2674 1205 2737 de·

135 2781 265 2860 herent,
291 2781 338 2842 ibi
363 2781 526 2842 librarius
551 2780 693 2861 quidam
717 2780 844 2858 omisit,
861 2785 980 2861 postea
997 2779 1033 2842 in
1051 2781 1207 2862 margine

137 2889 271 2967 adiecit,
298 2887 389 2949 unde
414 2888 513 2949 facile
538 2907 644 2970 pravo
669 2889 745 2950 loco
771 2888 806 2949 in
823 2893 954 2949 textum
973 2892 1054 2949 sunt
1067 2886 1207 2951 inserta.

227 3045 285 3110 34ὃ
309 3047 413 3128 (141⁸)
438 3049 462 3128 1,
488 3050 541 3127 24,
576 3051 616 3109 35
647 3047 748 3110 comis
772 3046 940 3129 officiosus
964 3067 1008 3110 an
1034 3046 1208 3129 infacetus,

84 3149 92 3161 '
137 3158 218 3218 R=
242 3152 312 3217 ΡΨ
346 3152 383 3218 82
414 3155 493 3238 (nisi
526 3157 621 3237 quod
657 3175 762 3217 comes
793 3175 854 3236 pro
886 3153 988 3217 comis
1018 3155 1046 3218 R
1078 3154 1205 3239 habet).

139 3264 214 3325 Hoc
245 3262 295 3324 sic
325 3263 502 3325 emendari
534 3264 630 3341 solet,
665 3269 702 3324 ut
738 3262 903 3344 officiosus
939 3260 1091 3324 eiciatur.
1140 3263 1207 3327 Sed

137 3389 217 3431 cum
242 3369 317 3432 hoec
341 3388 407 3431 vox
427 3370 520 3450 apud
537 3371 622 3432 Vict.
641 3366 736 3432 217¹8
752 3371 893 3449 legatur,
912 3353 1073 3451 infacetus
1089 3377 1207 3433 autem

136 3483 168 3538 et
199 3476 247 3538 ibi
272 3476 360 3538 desit
384 3483 416 3539 et
440 3478 476 3538 in
502 3475 538 3539 Sl
563 3477 699 3558 punctis
724 3477 833 3539 deleta
860 3477 914 3553 sil,
939 3475 1059 3538 malim
1085 3496 1132 3539 an
1158 3479 1207 3539 in·
1308 3461 1310 3465 ¹

134 3584 259 3665 facetus
295 3584 478 3646 secludere.
538 3586 648 3665 Atque
683 3585 730 3646 ita
769 3585 936 3647 mendum
975 3589 1091 3646 ortum
1132 3605 1208 3648 esse

136 3690 249 3770 ereda,
286 3696 323 3751 ut
358 3691 519 3754 librarius
555 3693 599 3753 ad
630 3691 893 3754 similitudinem
918 3709 1045 3754 vocum
1070 3697 1207 3755 antece-

135 3797 291 3860 dentium
329 3798 539 3861 eontrarium
575 3799 752 3879 requirens
789 3818 833 3859 an
869 3797 1029 3880 infacetus
1052 3797 1208 3864 adderet.

135 3906 253 3989 Neque
279 3905 371 3968 enim
393 3905 560 3968 intellexit
576 3906 745 3968 adiectiva
762 3905 863 3968 comis
887 3904 1054 3986 officiosus
1075 3907 1210 3990 pudens
