2716 4254
603 167 779 224 -78-

153 319 268 383 minus
300 320 478 383 minuitur.
526 320 680 384 Ornatus
704 331 820 386 autem
845 324 909 387 iste
933 325 971 388 in
994 327 1098 390 omni
1124 346 1227 392 causa

150 432 262 508 potest
285 427 409 507 valere,
435 427 496 490 sed
519 429 693 512 praecipue
717 431 754 493 in
777 430 1017 496 deliberativa.
1068 435 1112 496 ln
1136 437 1227 515 gravi

150 533 260 614 figura
293 554 364 597 non
397 535 498 614 valet,
522 535 583 598 sed
616 537 651 599 in
686 537 853 601 mediocri
885 544 919 601 et
947 545 1143 604 attenuata.
1191 543 1226 605 ln

150 642 414 705 confirmatione
447 649 480 706 et
512 644 781 725 reprehensione
813 645 914 709 valet.
962 647 1015 709 Ex
1040 647 1099 711 bis
1125 655 1225 732 patet,

149 748 244 829 quod
276 754 329 812 est
361 756 504 813 ornatus
536 770 652 814 rerum
683 757 716 815 et
745 770 815 815 non
839 751 1039 834 verborum,
1064 755 1129 836 qui
1156 775 1222 819 rem

150 855 332 935 deminuit,
356 876 434 938 quae
458 857 653 921 deminutio
677 858 825 922 adornat
848 861 1055 924 orationem.

239 1071 294 1151 lv,
318 1073 361 1133 38
384 1070 406 1155 ξ
430 1075 472 1135 50
506 1072 594 1134 Num
618 1071 683 1154 [et]
707 1071 901 1136 huiusmodi
932 1093 983 1138 res
1016 1094 1159 1158 magnae
1196 1085 1224 1141 et

148 1179 321 1258 maximae,
345 1178 366 1242 i.
391 1198 419 1242 e.
445 1178 529 1243 tates
565 1179 782 1243 ostensiones
817 1181 907 1245 sicut
942 1182 1155 1264 quotidiana
1189 1185 1219 1248 in

147 1285 217 1348 vita
240 1285 420 1349 fastidium
444 1285 596 1369 pariunt,
612 1285 660 1349 ita
683 1292 718 1350 et
742 1287 777 1349 in
802 1287 951 1352 dicendo
975 1289 1124 1355 odiosos
1149 1292 1218 1356 red·

146 1393 244 1474 dunt,
269 1394 298 1456 si
330 1394 511 1463 temerarie
543 1399 747 1471 tractantur3
779 1393 872 1458 unde
896 1396 963 1459 hoc
986 1396 1097 1460 etiam
1122 1399 1219 1462 debe·

147 1521 225 1581 mus
259 1500 453 1583 observare,
477 1499 556 1564 ideo
589 1499 682 1582 quia,
716 1501 806 1564 sicut
839 1501 868 1564 si
899 1501 1027 1586 aliquis
1051 1506 1165 1569 modo
1189 1507 1220 1570 'se

146 1607 342 1671 ostenderet
373 1614 590 1689 arrogantem
627 1607 663 1670 iu
697 1607 779 1687 vita,
815 1615 904 1673 esset
928 1609 1090 1692 infestus,
1118 1611 1220 1677 sicet

146 1715 182 1777 in
199 1714 375 1793 dicendo,
408 1715 438 1777 si
471 1715 549 1796 quis
573 1714 616 1778 dc
640 1734 676 1777 se
700 1721 977 1798 praesumptuose
1000 1717 1056 1781 vel
1084 1718 1131 1782 de
1155 1720 1218 1784 alio

146 1821 282 1886 diceret.

142 2093 144 2097 ,
234 2039 289 2118 IV,
306 2040 348 2102 39
364 2035 387 2122 ξ
402 2041 441 2102 51
469 2035 649 2120 Descriptio
677 2035 873 2100 nominatur
895 2069 910 2102 x
931 2069 946 2102 x
967 2070 982 2102 e
1014 2037 1073 2102 Fit
1093 2047 1219 2117 autem,

143 2145 284 2226 quando
320 2150 400 2208 ante
435 2145 554 2210 oculos
590 2144 766 2227 ponimus,
802 2163 881 2224 quae
915 2143 1033 2208 futura
1069 2147 1156 2222 sint,
1191 2148 1216 2210 si

143 2251 335 2334 quidquam
369 2251 613 2316 deliberamus.
672 2251 728 2315 Sic
760 2249 984 2314 describitur:
1021 2252 1217 2338 Descriptio

142 2365 193 2422 est
216 2337 340 2423 ‘rerum
373 2359 661 2443 consequentium
696 2356 828 2440 aliquid
852 2357 967 2439 gravis
994 2360 1164 2441 quaedam
1187 2368 1216 2425 et

142 2465 295 2530 dilucida
319 2467 499 2549 expositio,
524 2467 544 2530 i.
570 2486 598 2530 e.
624 2465 672 2529 rei
696 2484 858 2549 expressa
882 2465 1047 2542 ostensio,
1071 2474 1135 2541 aut
1158 2488 1214 2552 per

141 2573 406 2637 similitudinem
441 2581 500 2638 aut
533 2573 608 2637 sine
641 2592 697 2650 ea3
732 2571 833 2655 quasi
863 2570 1001 2651 diceret,
1016 2567 1214 2660 descriptio

140 2687 202 2762 est,
225 2681 367 2763 quando
391 2701 550 2764 expresse
575 2679 793 2758 describitur,
810 2679 832 2742 i.
849 2699 876 2742 e.
893 2678 1092 2743 ostenditur
1116 2701 1213 2746 even-

138 2794 194 2851 tus
227 2788 396 2871 cuiusque
428 2789 487 2869 rei,
511 2794 570 2851 aut
594 2808 655 2871 per
678 2787 791 2850 simile
816 2791 877 2848 aut
900 2785 968 2849 alio
993 2786 1116 2866 modo,
1140 2788 1163 2852 i.
1188 2809 1211 2854 e.

139 2895 223 2978 quid
248 2903 481 2978 consequatur
504 2917 545 2959 ex
570 2913 780 2976 unaquaque
805 2912 840 2955 re
862 2897 922 2955 aut
938 2893 1048 2956 soleat
1064 2895 1210 2959 evenire.

140 3002 246 3085 Igitur
269 3002 455 3086 descriptio
480 3002 607 3066 dicitur
628 3020 789 3084 expressa
806 2999 992 3085 descriptio
1009 3005 1043 3063 et
1058 3004 1212 3066 ostensio

138 3116 280 3174 eventus
305 3111 353 3173 rei
377 3129 439 3193 per
462 3109 575 3173 simile
599 3116 659 3173 aut
683 3108 760 3171 aliis
785 3106 910 3173 modis.
957 3107 1089 3171 Rerum
1113 3128 1210 3173 orna-

137 3224 193 3280 tus
229 3223 280 3280 est
314 3217 511 3299 descriptio,
547 3237 618 3280 non
651 3216 850 3295 verborum,
883 3212 965 3295 quia
989 3213 1140 3296 pulchra
1165 3221 1212 3280 est

137 3324 247 3388 oratio
272 3344 313 3387 ex
337 3344 452 3387 rerum
477 3331 613 3400 eventu,
638 3342 715 3406 quae
741 3322 791 3384 sic
815 3339 975 3403 expresse
991 3326 1024 3383 et
1040 3328 1162 3404 aperte
1179 3323 1211 3386 in

137 3433 213 3516 ipsa
237 3431 391 3495 oratione
416 3431 631 3494 describitur.
680 3432 776 3493 Patet
800 3428 895 3511 quod
920 3428 956 3490 in
979 3427 1077 3508 gravi
1103 3430 1211 3511 figura

136 3539 327 3622 plurimum
361 3540 451 3603 valet
484 3544 517 3602 et
549 3539 585 3600 in
618 3537 716 3600 omni
750 3555 866 3615 causa,
891 3534 952 3597 sed
975 3534 1154 3618 praecipue
1178 3537 1211 3599 in

137 3647 302 3726 iudiciali,
327 3647 363 3710 in
388 3645 652 3710 confirmatione
677 3650 710 3707 et
734 3641 1012 3725 reprehensione.
1044 3641 1099 3706 Ad
1117 3663 1209 3709 com·

138 3755 350 3819 movendum
376 3753 420 3817 ad
445 3751 719 3817 misericordiam
733 3751 787 3814 vel
804 3747 1082 3832 indignationem
1103 3750 1211 3815 maxi-

138 3881 192 3925 me
217 3869 267 3925 est
291 3860 588 3938 accommodatus,
605 3866 643 3922 ut
659 3859 732 3942 ipse
749 3855 885 3919 Tullius
901 3861 1022 3939 postea
1039 3855 1145 3939 dicet,
1164 3878 1212 3922 se.
