<?xml version="1.0" encoding="UTF-8"?>
<!DOCTYPE html PUBLIC "-//W3C//DTD XHTML 1.0 Transitional//EN"
    "http://www.w3.org/TR/xhtml1/DTD/xhtml1-transitional.dtd">
<html xmlns="http://www.w3.org/1999/xhtml" xml:lang="en" lang="en">
 <head>
  <title>
</title>
<meta http-equiv="Content-Type" content="text/html;charset=utf-8" />
  <meta name='ocr-system' content='tesseract 3.04.00' />
  <meta name='ocr-capabilities' content='ocr_page ocr_carea ocr_par ocr_line ocrx_word'/>
</head>
<body>
  <div class='ocr_page' id='page_1' title='image "./descholiisrheto00poulgoog_0030.png"; bbox 0 0 2716 4254; ppageno 0'>
   <div class='ocr_carea' id='block_1_1' title="bbox 526 171 769 232">
    <p class='ocr_par' dir='ltr' id='par_1_1' title="bbox 526 171 769 232">
     <span class='ocr_line' id='line_1_1' title="bbox 526 171 769 232; baseline 0.025 -6"><span class='ocrx_word' id='word_1_1' title='bbox 526 171 769 232; x_wconf 35' lang='lat'><strong>‚423-</strong></span> 
     </span>
    </p>
   </div>
   <div class='ocr_carea' id='block_1_2' title="bbox 139 324 741 737">
    <p class='ocr_par' dir='ltr' id='par_1_2' title="bbox 140 324 652 396">
     <span class='ocr_line' id='line_1_2' title="bbox 140 324 652 396; baseline -0.01 0"><span class='ocrx_word' id='word_1_2' title='bbox 140 331 279 396; x_wconf 90' lang='lat' dir='ltr'><strong>Servius</strong></span> <span class='ocrx_word' id='word_1_3' title='bbox 291 324 340 392; x_wconf 84' lang='lat' dir='ltr'><strong>ait</strong></span> <span class='ocrx_word' id='word_1_4' title='bbox 353 349 424 393; x_wconf 93' lang='lat' dir='ltr'><strong>non</strong></span> <span class='ocrx_word' id='word_1_5' title='bbox 435 349 509 393; x_wconf 93' lang='lat' dir='ltr'><strong>esse</strong></span> <span class='ocrx_word' id='word_1_6' title='bbox 521 329 652 392; x_wconf 84' lang='lat' dir='ltr'><strong>dictum</strong></span> 
     </span>
    </p>

    <p class='ocr_par' dir='ltr' id='par_1_3' title="bbox 139 436 741 737">
     <span class='ocr_line' id='line_1_3' title="bbox 139 436 741 531; baseline -0.008 -29"><span class='ocrx_word' id='word_1_7' title='bbox 139 459 202 524; x_wconf 89' lang='lat' dir='ltr'><strong>per</strong></span> <span class='ocrx_word' id='word_1_8' title='bbox 217 437 449 517; x_wconf 85' lang='lat' dir='ltr'><strong>collalionem,</strong></span> <span class='ocrx_word' id='word_1_9' title='bbox 467 436 550 520; x_wconf 92' lang='lat' dir='ltr'><strong>quia</strong></span> <span class='ocrx_word' id='word_1_10' title='bbox 567 436 652 500; x_wconf 87' lang='lat' dir='ltr'><strong>divi·</strong></span> <span class='ocrx_word' id='word_1_11' title='bbox 735 516 741 531; x_wconf 37' lang='grc' dir='ltr'>Ι</span> 
     </span>
     <span class='ocr_line' id='line_1_4' title="bbox 141 544 653 610; baseline -0.006 -1"><span class='ocrx_word' id='word_1_12' title='bbox 141 546 232 610; x_wconf 81' lang='lat' dir='ltr'><strong>nitas</strong></span> <span class='ocrx_word' id='word_1_13' title='bbox 257 565 337 609; x_wconf 94' lang='lat' dir='ltr'><strong>cum</strong></span> <span class='ocrx_word' id='word_1_14' title='bbox 359 544 564 608; x_wconf 83' lang='lat' dir='ltr'><strong>mortalibus</strong></span> <span class='ocrx_word' id='word_1_15' title='bbox 581 564 653 607; x_wconf 93' lang='lat' dir='ltr'><strong>non</strong></span> 
     </span>
     <span class='ocr_line' id='line_1_5' title="bbox 139 659 371 737; baseline -0.013 -19"><span class='ocrx_word' id='word_1_16' title='bbox 139 659 371 737; x_wconf 82' lang='lat' dir='ltr'><strong>comparatur.</strong></span> 
     </span>
    </p>
   </div>
   <div class='ocr_carea' id='block_1_3' title="bbox 109 777 1215 3114">
    <p class='ocr_par' dir='ltr' id='par_1_4' title="bbox 141 777 1213 1594">
     <span class='ocr_line' id='line_1_6' title="bbox 230 777 1211 861; baseline -0.002 -19"><span class='ocrx_word' id='word_1_17' title='bbox 230 779 358 842; x_wconf 91' lang='lat' dir='ltr'><strong>Mirum</strong></span> <span class='ocrx_word' id='word_1_18' title='bbox 374 777 468 861; x_wconf 94' lang='lat' dir='ltr'><strong>quod</strong></span> <span class='ocrx_word' id='word_1_19' title='bbox 482 797 522 841; x_wconf 94' lang='lat' dir='ltr'><strong>eo</strong></span> <span class='ocrx_word' id='word_1_20' title='bbox 534 777 611 860; x_wconf 91' lang='lat' dir='ltr'><strong>ipso</strong></span> <span class='ocrx_word' id='word_1_21' title='bbox 622 778 710 856; x_wconf 90' lang='lat' dir='ltr'><strong>loco,</strong></span> <span class='ocrx_word' id='word_1_22' title='bbox 721 777 782 840; x_wconf 92' lang='lat' dir='ltr'><strong>ubi</strong></span> <span class='ocrx_word' id='word_1_23' title='bbox 795 777 954 840; x_wconf 86' lang='lat' dir='ltr'>scholion</span> <span class='ocrx_word' id='word_1_24' title='bbox 964 777 1070 840; x_wconf 88' lang='lat' dir='ltr'><strong>Servii</strong></span> <span class='ocrx_word' id='word_1_25' title='bbox 1082 797 1211 841; x_wconf 90' lang='lat' dir='ltr'><strong>nomen</strong></span> 
     </span>
     <span class='ocr_line' id='line_1_7' title="bbox 141 884 1211 971; baseline -0.003 -20"><span class='ocrx_word' id='word_1_26' title='bbox 141 909 212 971; x_wconf 88' lang='lat' dir='ltr'><strong>prae</strong></span> <span class='ocrx_word' id='word_1_27' title='bbox 225 906 261 951; x_wconf 92' lang='lat' dir='ltr'><strong>se</strong></span> <span class='ocrx_word' id='word_1_28' title='bbox 271 885 443 964; x_wconf 79' lang='lat' dir='ltr'><strong>fert,nibil</strong></span> <span class='ocrx_word' id='word_1_29' title='bbox 454 885 568 948; x_wconf 91' lang='lat' dir='ltr'><strong>simile</strong></span> <span class='ocrx_word' id='word_1_30' title='bbox 578 885 672 967; x_wconf 92' lang='lat' dir='ltr'><strong>apud</strong></span> <span class='ocrx_word' id='word_1_31' title='bbox 685 904 765 948; x_wconf 93' lang='lat' dir='ltr'><strong>eum</strong></span> <span class='ocrx_word' id='word_1_32' title='bbox 776 884 984 948; x_wconf 88' lang='lat' dir='ltr'>invenimus.</span> <span class='ocrx_word' id='word_1_33' title='bbox 1010 885 1113 962; x_wconf 90' lang='lat' dir='ltr'><strong>Quod</strong></span> <span class='ocrx_word' id='word_1_34' title='bbox 1127 905 1211 968; x_wconf 96' lang='lat' dir='ltr'><strong>quo-</strong></span> 
     </span>
     <span class='ocr_line' id='line_1_8' title="bbox 143 992 1211 1075; baseline -0.004 -16"><span class='ocrx_word' id='word_1_35' title='bbox 143 995 248 1058; x_wconf 92' lang='lat' dir='ltr'><strong>modo</strong></span> <span class='ocrx_word' id='word_1_36' title='bbox 271 993 317 1057; x_wconf 82' lang='lat' dir='ltr'><strong>sii</strong></span> <span class='ocrx_word' id='word_1_37' title='bbox 340 992 597 1075; x_wconf 82' lang='lat' dir='ltr'><strong>explicandum,</strong></span> <span class='ocrx_word' id='word_1_38' title='bbox 621 992 792 1055; x_wconf 81' lang='lat' dir='ltr'><strong>incertum</strong></span> <span class='ocrx_word' id='word_1_39' title='bbox 815 997 876 1055; x_wconf 81' lang='lat' dir='ltr'><strong>esi.</strong></span> <span class='ocrx_word' id='word_1_40' title='bbox 923 993 991 1054; x_wconf 84' lang='lat' dir='ltr'><strong>Aut</strong></span> <span class='ocrx_word' id='word_1_41' title='bbox 1013 992 1172 1055; x_wconf 92' lang='lat' dir='ltr'><strong>scholion</strong></span> <span class='ocrx_word' id='word_1_42' title='bbox 1193 1013 1211 1055; x_wconf 91' lang='lat' dir='ltr'><strong>e</strong></span> 
     </span>
     <span class='ocr_line' id='line_1_9' title="bbox 141 1099 1213 1183; baseline -0.003 -17"><span class='ocrx_word' id='word_1_43' title='bbox 141 1102 251 1166; x_wconf 87' lang='lat' dir='ltr'><strong>Servii</strong></span> <span class='ocrx_word' id='word_1_44' title='bbox 272 1106 368 1164; x_wconf 83' lang='lat' dir='ltr'><strong>textu</strong></span> <span class='ocrx_word' id='word_1_45' title='bbox 389 1099 544 1183; x_wconf 88' lang='lat' dir='ltr'><strong>quodam</strong></span> <span class='ocrx_word' id='word_1_46' title='bbox 561 1100 719 1163; x_wconf 87' lang='lat' dir='ltr'>uberiore</span> <span class='ocrx_word' id='word_1_47' title='bbox 736 1119 842 1182; x_wconf 87' lang='lat' dir='ltr'><strong>quam</strong></span> <span class='ocrx_word' id='word_1_48' title='bbox 860 1099 964 1162; x_wconf 93' lang='lat' dir='ltr'><strong>hodie</strong></span> <span class='ocrx_word' id='word_1_49' title='bbox 980 1099 1151 1162; x_wconf 88' lang='lat' dir='ltr'><strong>habemus</strong></span> <span class='ocrx_word' id='word_1_50' title='bbox 1169 1100 1213 1163; x_wconf 85' lang='lat' dir='ltr'><strong>sit</strong></span> 
     </span>
     <span class='ocr_line' id='line_1_10' title="bbox 142 1207 1211 1285; baseline -0.004 -12"><span class='ocrx_word' id='word_1_51' title='bbox 142 1215 265 1274; x_wconf 83' lang='lat' dir='ltr'><strong>natum</strong></span> <span class='ocrx_word' id='word_1_52' title='bbox 284 1207 397 1271; x_wconf 86' lang='lat' dir='ltr'><strong>autin</strong></span> <span class='ocrx_word' id='word_1_53' title='bbox 415 1227 528 1271; x_wconf 92' lang='lat' dir='ltr'><strong>errore</strong></span> <span class='ocrx_word' id='word_1_54' title='bbox 549 1207 707 1272; x_wconf 88' lang='lat' dir='ltr'><strong>scholion</strong></span> <span class='ocrx_word' id='word_1_55' title='bbox 725 1212 889 1285; x_wconf 75' lang='lat' dir='ltr'><strong>versetur,</strong></span> <span class='ocrx_word' id='word_1_56' title='bbox 906 1225 1045 1269; x_wconf 90' lang='lat' dir='ltr'><strong>necesse</strong></span> <span class='ocrx_word' id='word_1_57' title='bbox 1062 1213 1120 1270; x_wconf 79' lang='lat' dir='ltr'><strong>est.</strong></span> <span class='ocrx_word' id='word_1_58' title='bbox 1145 1208 1211 1271; x_wconf 88' lang='lat' dir='ltr'><strong>Sed</strong></span> 
     </span>
     <span class='ocr_line' id='line_1_11' title="bbox 142 1314 1213 1398; baseline -0.002 -19"><span class='ocrx_word' id='word_1_59' title='bbox 142 1318 223 1394; x_wconf 85' lang='lat' dir='ltr'><strong>hoc,</strong></span> <span class='ocrx_word' id='word_1_60' title='bbox 239 1334 453 1398; x_wconf 87' lang='lat' dir='ltr'><strong>quamquam</strong></span> <span class='ocrx_word' id='word_1_61' title='bbox 472 1334 563 1397; x_wconf 87' lang='lat' dir='ltr'><strong>saepe</strong></span> <span class='ocrx_word' id='word_1_62' title='bbox 581 1315 668 1377; x_wconf 91' lang='lat' dir='ltr'><strong>alias</strong></span> <span class='ocrx_word' id='word_1_63' title='bbox 688 1334 759 1377; x_wconf 93' lang='lat' dir='ltr'><strong>non</strong></span> <span class='ocrx_word' id='word_1_64' title='bbox 779 1314 884 1377; x_wconf 93' lang='lat' dir='ltr'><strong>nimis</strong></span> <span class='ocrx_word' id='word_1_65' title='bbox 902 1319 1062 1376; x_wconf 79' lang='lat' dir='ltr'><strong>accurata</strong></span> <span class='ocrx_word' id='word_1_66' title='bbox 1080 1315 1213 1377; x_wconf 91' lang='lat' dir='ltr'><strong>scholia</strong></span> 
     </span>
     <span class='ocr_line' id='line_1_12' title="bbox 146 1419 1212 1505; baseline -0.001 -20"><span class='ocrx_word' id='word_1_67' title='bbox 146 1428 228 1486; x_wconf 81' lang='lat' dir='ltr'><strong>suni</strong></span> <span class='ocrx_word' id='word_1_68' title='bbox 260 1419 322 1505; x_wconf 81' lang='lat' dir='ltr'><strong>(ex.</strong></span> <span class='ocrx_word' id='word_1_69' title='bbox 352 1439 399 1504; x_wconf 86' lang='lat' dir='ltr'><strong>gr.</strong></span> <span class='ocrx_word' id='word_1_70' title='bbox 430 1422 466 1484; x_wconf 96' lang='lat' dir='ltr'><strong>in</strong></span> <span class='ocrx_word' id='word_1_71' title='bbox 499 1422 614 1485; x_wconf 87' lang='lat' dir='ltr'><strong>verbis</strong></span> <span class='ocrx_word' id='word_1_72' title='bbox 648 1428 830 1484; x_wconf 80' lang='lat' dir='ltr'><strong>auctorum</strong></span> <span class='ocrx_word' id='word_1_73' title='bbox 865 1419 1073 1505; x_wconf 82' lang='lat' dir='ltr'><strong>laudandis),</strong></span> <span class='ocrx_word' id='word_1_74' title='bbox 1094 1427 1212 1484; x_wconf 81' lang='lat' dir='ltr'><strong>lamen</strong></span> 
     </span>
     <span class='ocr_line' id='line_1_13' title="bbox 141 1528 594 1594; baseline -0.002 -1"><span class='ocrx_word' id='word_1_75' title='bbox 141 1528 329 1594; x_wconf 81' lang='lat' dir='ltr'><strong>verisimile</strong></span> <span class='ocrx_word' id='word_1_76' title='bbox 353 1548 423 1592; x_wconf 93' lang='lat' dir='ltr'><strong>non</strong></span> <span class='ocrx_word' id='word_1_77' title='bbox 448 1529 594 1593; x_wconf 83' lang='lat' dir='ltr'><strong>videtur.</strong></span> 
     </span>
    </p>

    <p class='ocr_par' dir='ltr' id='par_1_5' title="bbox 140 1636 1214 2577">
     <span class='ocr_line' id='line_1_14' title="bbox 230 1636 1211 1719; baseline -0.001 -20"><span class='ocrx_word' id='word_1_78' title='bbox 230 1637 281 1700; x_wconf 87' lang='lat' dir='ltr'><strong>Dc</strong></span> <span class='ocrx_word' id='word_1_79' title='bbox 305 1637 519 1700; x_wconf 89' lang='lat' dir='ltr'><strong>scholiorum</strong></span> <span class='ocrx_word' id='word_1_80' title='bbox 544 1655 703 1700; x_wconf 89' lang='lat' dir='ltr'><strong>sermone</strong></span> <span class='ocrx_word' id='word_1_81' title='bbox 727 1636 895 1700; x_wconf 87' lang='lat' dir='ltr'><strong>disserere</strong></span> <span class='ocrx_word' id='word_1_82' title='bbox 918 1636 977 1699; x_wconf 87' lang='lat' dir='ltr'><strong>vix</strong></span> <span class='ocrx_word' id='word_1_83' title='bbox 1001 1655 1114 1719; x_wconf 90' lang='lat' dir='ltr'><strong>operae</strong></span> <span class='ocrx_word' id='word_1_84' title='bbox 1137 1657 1211 1719; x_wconf 92' lang='lat' dir='ltr'><strong>pre-</strong></span> 
     </span>
     <span class='ocr_line' id='line_1_15' title="bbox 140 1743 1212 1826; baseline -0.002 -18"><span class='ocrx_word' id='word_1_85' title='bbox 140 1745 228 1808; x_wconf 83' lang='lat' dir='ltr'><strong>tium</strong></span> <span class='ocrx_word' id='word_1_86' title='bbox 254 1762 329 1807; x_wconf 91' lang='lat' dir='ltr'><strong>esse</strong></span> <span class='ocrx_word' id='word_1_87' title='bbox 352 1751 477 1826; x_wconf 88' lang='lat' dir='ltr'><strong>polest,</strong></span> <span class='ocrx_word' id='word_1_88' title='bbox 501 1764 593 1824; x_wconf 90' lang='lat' dir='ltr'><strong>cum,</strong></span> <span class='ocrx_word' id='word_1_89' title='bbox 618 1744 713 1826; x_wconf 93' lang='lat' dir='ltr'><strong>quod</strong></span> <span class='ocrx_word' id='word_1_90' title='bbox 737 1744 808 1806; x_wconf 92' lang='lat' dir='ltr'><strong>iam</strong></span> <span class='ocrx_word' id='word_1_91' title='bbox 833 1743 966 1823; x_wconf 91' lang='lat' dir='ltr'><strong>monui,</strong></span> <span class='ocrx_word' id='word_1_92' title='bbox 992 1764 1032 1806; x_wconf 88' lang='lat' dir='ltr'><strong>ex</strong></span> <span class='ocrx_word' id='word_1_93' title='bbox 1054 1743 1212 1826; x_wconf 81' lang='lat' dir='ltr'><strong>partibus</strong></span> 
     </span>
     <span class='ocr_line' id='line_1_16' title="bbox 142 1849 1211 1934; baseline -0.001 -20"><span class='ocrx_word' id='word_1_94' title='bbox 142 1852 226 1915; x_wconf 85' lang='lat' dir='ltr'><strong>salis</strong></span> <span class='ocrx_word' id='word_1_95' title='bbox 256 1849 456 1934; x_wconf 88' lang='lat' dir='ltr'><strong>disparibus</strong></span> <span class='ocrx_word' id='word_1_96' title='bbox 488 1852 562 1915; x_wconf 94' lang='lat' dir='ltr'><strong>sine</strong></span> <span class='ocrx_word' id='word_1_97' title='bbox 591 1851 699 1914; x_wconf 92' lang='lat' dir='ltr'><strong>dubio</strong></span> <span class='ocrx_word' id='word_1_98' title='bbox 724 1857 892 1916; x_wconf 83' lang='lat' dir='ltr'><strong>constent.</strong></span> <span class='ocrx_word' id='word_1_99' title='bbox 939 1851 987 1913; x_wconf 86' lang='lat' dir='ltr'><strong>Ac</strong></span> <span class='ocrx_word' id='word_1_100' title='bbox 1011 1851 1211 1933; x_wconf 83' lang='lat' dir='ltr'><strong>posterioris</strong></span> 
     </span>
     <span class='ocr_line' id='line_1_17' title="bbox 141 1957 1211 2041; baseline 0 -20"><span class='ocrx_word' id='word_1_101' title='bbox 141 1959 252 2022; x_wconf 86' lang='lat' dir='ltr'><strong>aetatis</strong></span> <span class='ocrx_word' id='word_1_102' title='bbox 269 1957 519 2038; x_wconf 88' lang='lat' dir='ltr'><strong>barbarismos,</strong></span> <span class='ocrx_word' id='word_1_103' title='bbox 536 1959 593 2021; x_wconf 93' lang='lat' dir='ltr'><strong>hic</strong></span> <span class='ocrx_word' id='word_1_104' title='bbox 610 1958 799 2041; x_wconf 85' lang='lat' dir='ltr'><strong>copiosius,</strong></span> <span class='ocrx_word' id='word_1_105' title='bbox 816 1957 927 2020; x_wconf 91' lang='lat' dir='ltr'><strong>rarius</strong></span> <span class='ocrx_word' id='word_1_106' title='bbox 944 1957 1026 2037; x_wconf 91' lang='lat' dir='ltr'><strong>illic,</strong></span> <span class='ocrx_word' id='word_1_107' title='bbox 1043 1957 1211 2021; x_wconf 88' lang='lat' dir='ltr'><strong>invenias.</strong></span> 
     </span>
     <span class='ocr_line' id='line_1_18' title="bbox 140 2064 1213 2148; baseline -0.002 -20"><span class='ocrx_word' id='word_1_108' title='bbox 140 2066 304 2144; x_wconf 87' lang='lat' dir='ltr'><strong>-Quin</strong></span> <span class='ocrx_word' id='word_1_109' title='bbox 338 2065 459 2146; x_wconf 89' lang='lat' dir='ltr'><strong>Grillii,</strong></span> <span class='ocrx_word' id='word_1_110' title='bbox 486 2072 524 2128; x_wconf 85' lang='lat' dir='ltr'><strong>ut</strong></span> <span class='ocrx_word' id='word_1_111' title='bbox 551 2065 701 2143; x_wconf 88' lang='lat' dir='ltr'><strong>rubrica,</strong></span> <span class='ocrx_word' id='word_1_112' title='bbox 726 2085 746 2127; x_wconf 93' lang='lat' dir='ltr'><strong>a</strong></span> <span class='ocrx_word' id='word_1_113' title='bbox 770 2084 840 2148; x_wconf 89' lang='lat' dir='ltr'><strong>qua</strong></span> <span class='ocrx_word' id='word_1_114' title='bbox 869 2065 1001 2128; x_wconf 91' lang='lat' dir='ltr'><strong>scholia</strong></span> <span class='ocrx_word' id='word_1_115' title='bbox 1030 2064 1213 2147; x_wconf 79' lang='lat' dir='ltr'><strong>incipiunt,</strong></span> 
     </span>
     <span class='ocr_line' id='line_1_19' title="bbox 141 2172 1213 2255; baseline -0.003 -18"><span class='ocrx_word' id='word_1_116' title='bbox 141 2174 253 2254; x_wconf 83' lang='lat' dir='ltr'><strong>docet,</strong></span> <span class='ocrx_word' id='word_1_117' title='bbox 286 2173 500 2236; x_wconf 89' lang='lat' dir='ltr'><strong>scholiorum</strong></span> <span class='ocrx_word' id='word_1_118' title='bbox 534 2192 615 2255; x_wconf 91' lang='lat' dir='ltr'><strong>pars</strong></span> <span class='ocrx_word' id='word_1_119' title='bbox 649 2172 704 2251; x_wconf 84' lang='lat' dir='ltr'><strong>sil,</strong></span> <span class='ocrx_word' id='word_1_120' title='bbox 735 2192 797 2236; x_wconf 88' lang='lat' dir='ltr'><strong>cur</strong></span> <span class='ocrx_word' id='word_1_121' title='bbox 825 2172 1026 2235; x_wconf 83' lang='lat' dir='ltr'><strong>dubitemus</strong></span> <span class='ocrx_word' id='word_1_122' title='bbox 1051 2172 1213 2255; x_wconf 88' lang='lat' dir='ltr'><strong>equidem</strong></span> 
     </span>
     <span class='ocr_line' id='line_1_20' title="bbox 143 2279 1212 2346; baseline -0.003 -2"><span class='ocrx_word' id='word_1_123' title='bbox 143 2301 215 2344; x_wconf 92' lang='lat' dir='ltr'><strong>non</strong></span> <span class='ocrx_word' id='word_1_124' title='bbox 243 2280 356 2346; x_wconf 87' lang='lat' dir='ltr'><strong>video.</strong></span> <span class='ocrx_word' id='word_1_125' title='bbox 392 2279 507 2342; x_wconf 83' lang='lat' dir='ltr'><strong>Etiam</strong></span> <span class='ocrx_word' id='word_1_126' title='bbox 532 2279 567 2342; x_wconf 94' lang='lat' dir='ltr'><strong>in</strong></span> <span class='ocrx_word' id='word_1_127' title='bbox 591 2286 687 2343; x_wconf 83' lang='lat' dir='ltr'><strong>textu</strong></span> <span class='ocrx_word' id='word_1_128' title='bbox 711 2280 923 2342; x_wconf 91' lang='lat' dir='ltr'><strong>scholiorum</strong></span> <span class='ocrx_word' id='word_1_129' title='bbox 950 2299 1076 2342; x_wconf 91' lang='lat' dir='ltr'><strong>nomen</strong></span> <span class='ocrx_word' id='word_1_130' title='bbox 1103 2279 1212 2342; x_wconf 88' lang='lat' dir='ltr'><strong>Grillii</strong></span> 
     </span>
     <span class='ocr_line' id='line_1_21' title="bbox 143 2383 1214 2470; baseline -0.002 -19"><span class='ocrx_word' id='word_1_131' title='bbox 143 2388 270 2470; x_wconf 87' lang='lat' dir='ltr'><strong>saepius</strong></span> <span class='ocrx_word' id='word_1_132' title='bbox 303 2383 456 2469; x_wconf 82' lang='lat' dir='ltr'><strong>legitur.¹</strong></span> <span class='ocrx_word' id='word_1_133' title='bbox 504 2387 589 2464; x_wconf 85' lang='lat' dir='ltr'><strong>Quae</strong></span> <span class='ocrx_word' id='word_1_134' title='bbox 623 2393 739 2450; x_wconf 82' lang='lat' dir='ltr'><strong>autem</strong></span> <span class='ocrx_word' id='word_1_135' title='bbox 774 2387 893 2450; x_wconf 91' lang='lat' dir='ltr'><strong>Grillio</strong></span> <span class='ocrx_word' id='word_1_136' title='bbox 922 2387 1115 2450; x_wconf 83' lang='lat' dir='ltr'><strong>tribuendae</strong></span> <span class='ocrx_word' id='word_1_137' title='bbox 1144 2387 1214 2449; x_wconf 82' lang='lat' dir='ltr'><strong>sini</strong></span> 
     </span>
     <span class='ocr_line' id='line_1_22' title="bbox 145 2494 879 2577; baseline -0.001 -19"><span class='ocrx_word' id='word_1_138' title='bbox 145 2501 269 2577; x_wconf 81' lang='lat' dir='ltr'><strong>partes,</strong></span> <span class='ocrx_word' id='word_1_139' title='bbox 293 2495 330 2557; x_wconf 92' lang='lat' dir='ltr'><strong>in</strong></span> <span class='ocrx_word' id='word_1_140' title='bbox 355 2494 471 2558; x_wconf 92' lang='lat' dir='ltr'><strong>medio</strong></span> <span class='ocrx_word' id='word_1_141' title='bbox 495 2494 689 2577; x_wconf 89' lang='lat' dir='ltr'><strong>relinquere</strong></span> <span class='ocrx_word' id='word_1_142' title='bbox 713 2494 879 2575; x_wconf 83' lang='lat' dir='ltr'><strong>cogimur.</strong></span> 
     </span>
    </p>

    <p class='ocr_par' dir='ltr' id='par_1_6' title="bbox 109 2601 1215 3114">
     <span class='ocr_line' id='line_1_23' title="bbox 232 2601 1212 2683; baseline -0.003 -18"><span class='ocrx_word' id='word_1_143' title='bbox 232 2603 283 2666; x_wconf 93' lang='lat' dir='ltr'><strong>De</strong></span> <span class='ocrx_word' id='word_1_144' title='bbox 307 2603 336 2665; x_wconf 94' lang='lat' dir='ltr'>V</span> <span class='ocrx_word' id='word_1_145' title='bbox 361 2601 512 2665; x_wconf 83' lang='lat' dir='ltr'><strong>editione</strong></span> <span class='ocrx_word' id='word_1_146' title='bbox 541 2619 646 2683; x_wconf 84' lang='lat' dir='ltr'><strong>agens</strong></span> <span class='ocrx_word' id='word_1_147' title='bbox 672 2601 826 2664; x_wconf 85' lang='lat' dir='ltr'><strong>Marxius</strong></span> <span class='ocrx_word' id='word_1_148' title='bbox 850 2601 1012 2664; x_wconf 85' lang='lat' dir='ltr'><strong>observat</strong></span> <span class='ocrx_word' id='word_1_149' title='bbox 1036 2620 1212 2664; x_wconf 92' lang='lat' dir='ltr'><strong>commen-</strong></span> 
     </span>
     <span class='ocr_line' id='line_1_24' title="bbox 143 2708 1213 2791; baseline -0.003 -18"><span class='ocrx_word' id='word_1_150' title='bbox 143 2709 271 2773; x_wconf 86' lang='lat' dir='ltr'><strong>tarium</strong></span> <span class='ocrx_word' id='word_1_151' title='bbox 294 2728 564 2791; x_wconf 90' lang='lat' dir='ltr'><strong>nonnumquam</strong></span> <span class='ocrx_word' id='word_1_152' title='bbox 588 2709 656 2772; x_wconf 88' lang='lat' dir='ltr'><strong>alia</strong></span> <span class='ocrx_word' id='word_1_153' title='bbox 680 2709 785 2772; x_wconf 88' lang='lat' dir='ltr'><strong>verba</strong></span> <span class='ocrx_word' id='word_1_154' title='bbox 809 2708 979 2791; x_wconf 85' lang='lat' dir='ltr'><strong>explicare</strong></span> <span class='ocrx_word' id='word_1_155' title='bbox 1004 2728 1110 2791; x_wconf 88' lang='lat' dir='ltr'><strong>quam</strong></span> <span class='ocrx_word' id='word_1_156' title='bbox 1136 2728 1213 2791; x_wconf 83' lang='lat' dir='ltr'><strong>quae</strong></span> 
     </span>
     <span class='ocr_line' id='line_1_25' title="bbox 143 2816 1215 2900; baseline -0.002 -21"><span class='ocrx_word' id='word_1_157' title='bbox 143 2816 254 2899; x_wconf 90' lang='lat' dir='ltr'><strong>ipsius</strong></span> <span class='ocrx_word' id='word_1_158' title='bbox 287 2817 323 2879; x_wconf 92' lang='lat' dir='ltr'><strong>in</strong></span> <span class='ocrx_word' id='word_1_159' title='bbox 356 2822 452 2880; x_wconf 79' lang='lat' dir='ltr'><strong>textu</strong></span> <span class='ocrx_word' id='word_1_160' title='bbox 484 2817 645 2898; x_wconf 75' lang='lat' dir='ltr'><strong>leguntur</strong></span> <span class='ocrx_word' id='word_1_161' title='bbox 676 2816 709 2900; x_wconf 90' lang='lat' dir='ltr'><strong>(l.</strong></span> <span class='ocrx_word' id='word_1_162' title='bbox 741 2836 769 2880; x_wconf 88' lang='lat' dir='ltr'><strong>c.</strong></span> <span class='ocrx_word' id='word_1_163' title='bbox 801 2817 891 2880; x_wconf 91' lang='lat' dir='ltr'><strong>Prol.</strong></span> <span class='ocrx_word' id='word_1_164' title='bbox 922 2835 954 2898; x_wconf 91' lang='lat' dir='ltr'><strong>p.</strong></span> <span class='ocrx_word' id='word_1_165' title='bbox 984 2819 1036 2878; x_wconf 84' lang='lat'><strong>61:</strong></span> <span class='ocrx_word' id='word_1_166' title='bbox 1071 2821 1215 2898; x_wconf 82' lang='lat' dir='ltr'><strong>apparel</strong></span> 
     </span>
     <span class='ocr_line' id='line_1_26' title="bbox 109 2922 1214 3008; baseline -0.003 -21"><span class='ocrx_word' id='word_1_167' title='bbox 109 3001 114 3008; x_wconf 28' lang='lat'>¹</span> <span class='ocrx_word' id='word_1_168' title='bbox 142 2924 435 2988; x_wconf 84' lang='lat' dir='ltr'><strong>commentarium</strong></span> <span class='ocrx_word' id='word_1_169' title='bbox 460 2943 531 2986; x_wconf 92' lang='lat' dir='ltr'><strong>non</strong></span> <span class='ocrx_word' id='word_1_170' title='bbox 555 2924 600 2986; x_wconf 87' lang='lat' dir='ltr'><strong>ad</strong></span> <span class='ocrx_word' id='word_1_171' title='bbox 625 2926 717 2987; x_wconf 92' lang='lat' dir='ltr'><strong>hanc</strong></span> <span class='ocrx_word' id='word_1_172' title='bbox 741 2924 928 2987; x_wconf 85' lang='lat' dir='ltr'><strong>editionem</strong></span> <span class='ocrx_word' id='word_1_173' title='bbox 946 2923 1007 2986; x_wconf 94' lang='lat' dir='ltr'><strong>sed</strong></span> <span class='ocrx_word' id='word_1_174' title='bbox 1024 2923 1068 2986; x_wconf 93' lang='lat' dir='ltr'><strong>ad</strong></span> <span class='ocrx_word' id='word_1_175' title='bbox 1085 2922 1214 2985; x_wconf 93' lang='lat' dir='ltr'><strong>librum</strong></span> 
     </span>
     <span class='ocr_line' id='line_1_27' title="bbox 144 3029 1214 3114; baseline -0.002 -20"><span class='ocrx_word' id='word_1_176' title='bbox 144 3031 422 3114; x_wconf 83' lang='lat' dir='ltr'><strong>manuscriptum</strong></span> <span class='ocrx_word' id='word_1_177' title='bbox 439 3029 635 3114; x_wconf 82' lang='lat' dir='ltr'><strong>pertinere);</strong></span> <span class='ocrx_word' id='word_1_178' title='bbox 653 3031 800 3094; x_wconf 88' lang='lat' dir='ltr'><strong>eandem</strong></span> <span class='ocrx_word' id='word_1_179' title='bbox 817 3031 907 3093; x_wconf 85' lang='lat' dir='ltr'><strong>inter</strong></span> <span class='ocrx_word' id='word_1_180' title='bbox 923 3030 1214 3093; x_wconf 79' lang='lat' dir='ltr'><strong>commentarium</strong></span> 
     </span>
    </p>
   </div>
   <div class='ocr_carea' id='block_1_4' title="bbox 142 3244 1215 3939">
    <p class='ocr_par' dir='ltr' id='par_1_7' title="bbox 142 3244 1215 3939">
     <span class='ocr_line' id='line_1_28' title="bbox 235 3244 1213 3324; baseline -0.002 -14"><span class='ocrx_word' id='word_1_181' title='bbox 235 3244 246 3281; x_wconf 87' lang='lat'>¹</span> <span class='ocrx_word' id='word_1_182' title='bbox 271 3253 478 3311; x_wconf 78' lang='lat' dir='ltr'><strong>Staluendum</strong></span> <span class='ocrx_word' id='word_1_183' title='bbox 503 3267 577 3324; x_wconf 85' lang='lat' dir='ltr'><strong>ergo</strong></span> <span class='ocrx_word' id='word_1_184' title='bbox 601 3253 727 3309; x_wconf 72' lang='lat' dir='ltr'><strong>videtur</strong></span> <span class='ocrx_word' id='word_1_185' title='bbox 750 3253 782 3307; x_wconf 96' lang='lat' dir='ltr'><strong>in</strong></span> <span class='ocrx_word' id='word_1_186' title='bbox 807 3253 887 3308; x_wconf 80' lang='lat' dir='ltr'><strong>rhet.</strong></span> <span class='ocrx_word' id='word_1_187' title='bbox 913 3253 953 3307; x_wconf 88' lang='lat' dir='ltr'><strong>ad</strong></span> <span class='ocrx_word' id='word_1_188' title='bbox 979 3253 1051 3308; x_wconf 92' lang='lat' dir='ltr'><strong>Her.</strong></span> <span class='ocrx_word' id='word_1_189' title='bbox 1069 3269 1085 3308; x_wconf 91' lang='lat' dir='ltr'><strong>a</strong></span> <span class='ocrx_word' id='word_1_190' title='bbox 1104 3252 1213 3308; x_wconf 91' lang='lat' dir='ltr'><strong>Grillio</strong></span> 
     </span>
     <span class='ocr_line' id='line_1_29' title="bbox 143 3342 1213 3415; baseline -0.004 -15"><span class='ocrx_word' id='word_1_191' title='bbox 143 3343 409 3400; x_wconf 77' lang='lat' dir='ltr'><strong>commentarium</strong></span> <span class='ocrx_word' id='word_1_192' title='bbox 427 3342 580 3415; x_wconf 80' lang='lat' dir='ltr'><strong>scriptum</strong></span> <span class='ocrx_word' id='word_1_193' title='bbox 598 3359 674 3399; x_wconf 89' lang='lat' dir='ltr'><strong>esse.</strong></span> <span class='ocrx_word' id='word_1_194' title='bbox 689 3371 722 3379; x_wconf 93' lang='lat'><em>-</em></span> <span class='ocrx_word' id='word_1_195' title='bbox 736 3342 874 3411; x_wconf 88' lang='lat' dir='ltr'><strong>Quod-</strong></span> <span class='ocrx_word' id='word_1_196' title='bbox 888 3347 1032 3415; x_wconf 84' lang='lat' dir='ltr'><strong>utsupra</strong></span> <span class='ocrx_word' id='word_1_197' title='bbox 1046 3342 1164 3397; x_wconf 83' lang='lat' dir='ltr'><strong>dictum</strong></span> <span class='ocrx_word' id='word_1_198' title='bbox 1180 3372 1213 3379; x_wconf 85' lang='lat'><em>-</em></span> 
     </span>
     <span class='ocr_line' id='line_1_30' title="bbox 143 3427 1214 3506; baseline -0.003 -16"><span class='ocrx_word' id='word_1_199' title='bbox 143 3450 210 3506; x_wconf 90' lang='lat' dir='ltr'><strong>prae</strong></span> <span class='ocrx_word' id='word_1_200' title='bbox 234 3433 347 3490; x_wconf 86' lang='lat' dir='ltr'><strong>ceteris</strong></span> <span class='ocrx_word' id='word_1_201' title='bbox 370 3433 525 3504; x_wconf 79' lang='lat' dir='ltr'><strong>Vergilius</strong></span> <span class='ocrx_word' id='word_1_202' title='bbox 548 3433 590 3501; x_wconf 88' lang='lat' dir='ltr'><strong>(in</strong></span> <span class='ocrx_word' id='word_1_203' title='bbox 616 3432 720 3505; x_wconf 90' lang='lat' dir='ltr'><strong>primo</strong></span> <span class='ocrx_word' id='word_1_204' title='bbox 744 3432 827 3487; x_wconf 88' lang='lat' dir='ltr'><strong>libro</strong></span> <span class='ocrx_word' id='word_1_205' title='bbox 848 3427 1022 3505; x_wconf 81' lang='lat' dir='ltr'><strong>praecipue)</strong></span> <span class='ocrx_word' id='word_1_206' title='bbox 1038 3431 1214 3503; x_wconf 73' lang='lat' dir='ltr'><strong>saepissime</strong></span> 
     </span>
     <span class='ocr_line' id='line_1_31' title="bbox 143 3521 1213 3594; baseline -0.003 -16"><span class='ocrx_word' id='word_1_207' title='bbox 143 3523 301 3594; x_wconf 74' lang='lat' dir='ltr'><strong>laudatur,</strong></span> <span class='ocrx_word' id='word_1_208' title='bbox 325 3523 351 3579; x_wconf 90' lang='lat' dir='ltr'><strong>si</strong></span> <span class='ocrx_word' id='word_1_209' title='bbox 376 3539 443 3578; x_wconf 93' lang='lat' dir='ltr'><strong>rem</strong></span> <span class='ocrx_word' id='word_1_210' title='bbox 466 3523 494 3591; x_wconf 89' lang='lat' dir='ltr'><strong>(i.</strong></span> <span class='ocrx_word' id='word_1_211' title='bbox 512 3537 535 3578; x_wconf 88' lang='lat' dir='ltr'><strong>e.</strong></span> <span class='ocrx_word' id='word_1_212' title='bbox 554 3522 675 3577; x_wconf 88' lang='lat' dir='ltr'><strong>scholia</strong></span> <span class='ocrx_word' id='word_1_213' title='bbox 700 3537 718 3577; x_wconf 88' lang='lat' dir='ltr'><strong>a</strong></span> <span class='ocrx_word' id='word_1_214' title='bbox 744 3521 853 3578; x_wconf 91' lang='lat' dir='ltr'><strong>Grillio</strong></span> <span class='ocrx_word' id='word_1_215' title='bbox 879 3521 1019 3593; x_wconf 84' lang='lat' dir='ltr'><strong>profecta</strong></span> <span class='ocrx_word' id='word_1_216' title='bbox 1046 3522 1123 3586; x_wconf 85' lang='lat' dir='ltr'><strong>esse)</strong></span> <span class='ocrx_word' id='word_1_217' title='bbox 1149 3537 1213 3576; x_wconf 93' lang='lat' dir='ltr'><strong>non</strong></span> 
     </span>
     <span class='ocr_line' id='line_1_32' title="bbox 144 3610 1215 3684; baseline -0.004 -16"><span class='ocrx_word' id='word_1_218' title='bbox 144 3617 284 3683; x_wconf 80' lang='lat' dir='ltr'><strong>testatur,</strong></span> <span class='ocrx_word' id='word_1_219' title='bbox 314 3616 346 3668; x_wconf 88' lang='lat' dir='ltr'><strong>al</strong></span> <span class='ocrx_word' id='word_1_220' title='bbox 374 3617 480 3668; x_wconf 84' lang='lat' dir='ltr'><strong>tamen</strong></span> <span class='ocrx_word' id='word_1_221' title='bbox 510 3612 648 3684; x_wconf 88' lang='lat' dir='ltr'><strong>perbene</strong></span> <span class='ocrx_word' id='word_1_222' title='bbox 672 3611 826 3667; x_wconf 87' lang='lat' dir='ltr'><strong>convenit.</strong></span> <span class='ocrx_word' id='word_1_223' title='bbox 875 3610 997 3666; x_wconf 89' lang='lat' dir='ltr'><strong>Scimus</strong></span> <span class='ocrx_word' id='word_1_224' title='bbox 1022 3611 1105 3665; x_wconf 92' lang='lat' dir='ltr'><strong>enim</strong></span> <span class='ocrx_word' id='word_1_225' title='bbox 1129 3610 1215 3677; x_wconf 82' lang='lat' dir='ltr'><strong>(Pri-</strong></span> 
     </span>
     <span class='ocr_line' id='line_1_33' title="bbox 144 3698 1214 3772; baseline -0.004 -14"><span class='ocrx_word' id='word_1_226' title='bbox 144 3702 312 3772; x_wconf 91' lang='lat' dir='ltr'><strong>scianus,</strong></span> <span class='ocrx_word' id='word_1_227' title='bbox 337 3703 509 3758; x_wconf 83' lang='lat' dir='ltr'><strong>Grammai.</strong></span> <span class='ocrx_word' id='word_1_228' title='bbox 540 3701 591 3757; x_wconf 83' lang='lat' dir='ltr'><strong>lat.</strong></span> <span class='ocrx_word' id='word_1_229' title='bbox 617 3717 677 3757; x_wconf 91' lang='lat' dir='ltr'><strong>rec.</strong></span> <span class='ocrx_word' id='word_1_230' title='bbox 703 3700 785 3756; x_wconf 90' lang='lat' dir='ltr'><strong>Keil</strong></span> <span class='ocrx_word' id='word_1_231' title='bbox 810 3701 848 3770; x_wconf 93' lang='lat' dir='ltr'><strong>ll,</strong></span> <span class='ocrx_word' id='word_1_232' title='bbox 872 3700 916 3769; x_wconf 83' lang='lat'><strong>35,</strong></span> <span class='ocrx_word' id='word_1_233' title='bbox 939 3700 986 3756; x_wconf 88' lang='lat'><strong>27:</strong></span> <span class='ocrx_word' id='word_1_234' title='bbox 1013 3699 1149 3756; x_wconf 89' lang='lat' dir='ltr'><strong>&#39;Grillius</strong></span> <span class='ocrx_word' id='word_1_235' title='bbox 1175 3698 1214 3754; x_wconf 94' lang='lat' dir='ltr'><strong>ad</strong></span> 
     </span>
     <span class='ocr_line' id='line_1_34' title="bbox 142 3788 1214 3864; baseline -0.002 -18"><span class='ocrx_word' id='word_1_236' title='bbox 142 3791 314 3864; x_wconf 84' lang='lat' dir='ltr'><strong>Vergilium</strong></span> <span class='ocrx_word' id='word_1_237' title='bbox 346 3791 385 3847; x_wconf 93' lang='lat' dir='ltr'><strong>de</strong></span> <span class='ocrx_word' id='word_1_238' title='bbox 415 3790 624 3861; x_wconf 83' lang='lat' dir='ltr'><strong>accentibus’),</strong></span> <span class='ocrx_word' id='word_1_239' title='bbox 648 3790 792 3846; x_wconf 92' lang='lat' dir='ltr'><strong>Grillium</strong></span> <span class='ocrx_word' id='word_1_240' title='bbox 824 3790 856 3845; x_wconf 92' lang='lat' dir='ltr'><strong>in</strong></span> <span class='ocrx_word' id='word_1_241' title='bbox 887 3789 1000 3844; x_wconf 90' lang='lat' dir='ltr'><strong>sludiis</strong></span> <span class='ocrx_word' id='word_1_242' title='bbox 1028 3788 1214 3860; x_wconf 81' lang='lat' dir='ltr'><strong>Vergilianis</strong></span> 
     </span>
     <span class='ocr_line' id='line_1_35' title="bbox 144 3885 406 3939; baseline -0.008 -1"><span class='ocrx_word' id='word_1_243' title='bbox 144 3885 304 3939; x_wconf 81' lang='lat' dir='ltr'><strong>versalum</strong></span> <span class='ocrx_word' id='word_1_244' title='bbox 326 3894 406 3939; x_wconf 84' lang='lat' dir='ltr'><strong>esse.</strong></span> 
     </span>
    </p>
   </div>
   <div class='ocr_carea' id='block_1_5' title="bbox 0 0 1368 4254">
    <p class='ocr_par' dir='ltr' id='par_1_8' title="bbox 0 0 1368 4254">
     <span class='ocr_line' id='line_1_36' title="bbox 0 0 1368 4254; baseline 0 0"><span class='ocrx_word' id='word_1_245' title='bbox 0 0 1368 4254; x_wconf 95' lang='lat' dir='ltr'><strong> </strong></span> 
     </span>
    </p>
   </div>
  </div>
 </body>
</html>
