2716 4254
591 259 746 324 -.7-

132 418 294 485 librarius
319 421 436 484 ulitur.
470 422 587 485 Graeca
610 423 715 486 verba
740 429 799 486 aut
823 423 1031 489 omittuntur
1058 461 1102 470 -
1124 443 1200 508 spa-

132 530 181 592 tio
211 513 302 613 saepe
333 530 451 592 relicto
479 567 523 574 —
550 536 610 592 aut
633 530 753 593 litteris
778 531 905 610 latinis,
933 531 1053 612 graecis
1078 533 1201 612 rarius,

134 634 267 722 (vitiose
307 637 509 721 saepissime,
544 637 719 701 interdum
753 639 840 702 adeo
877 645 915 701 ut
949 639 1095 702 verbum
1131 659 1200 703 non

135 741 352 829 agnoscatur)
377 744 586 808 scribuntur.
1053 751 1055 756 '

225 852 264 914 ln
293 852 411 915 codice
435 853 580 933 legendo
604 852 674 915 iam
699 853 917 935 aliquamdiu
941 853 1092 917 versanti
1116 854 1202 918 forte
1302 886 1307 894 ·

135 959 269 1039 accidit,
304 965 342 1021 ut
377 959 507 1022 codicis
541 960 647 1022 verba
683 977 867 1041 agnoscere
897 961 985 1024 mihi
1008 961 1143 1025 viderer
1166 963 1202 1025 in

135 1066 334 1150 specimine,
358 1066 453 1149 quod
479 1067 632 1129 Marxius
656 1068 689 1146 (l.
715 1087 743 1130 c.
762 1070 850 1131 Prol.
869 1089 901 1150 p.
919 1067 984 1151 60),
1009 1069 1051 1132 de
1075 1070 1200 1152 palaeo-

134 1181 216 1258 typo
241 1174 395 1257 quodam
421 1174 599 1237 rhetoricae
624 1175 874 1239 commentario
899 1175 1067 1239 instructo
1085 1194 1201 1258 agens,
1276 1176 1281 1187 ’

134 1282 258 1345 attulit.
306 1282 425 1364 Neque
458 1301 511 1343 res
540 1301 595 1343 me
620 1281 748 1361 fefellit,
773 1301 854 1345 nam
879 1302 986 1365 quam
1011 1285 1202 1347 maximam

136 1388 399 1452 similitudinem
414 1408 488 1452 esse
501 1389 699 1469 diligentius
711 1390 923 1472 exquirendo
938 1390 1065 1453 inveni.
1087 1391 1202 1455 Editio

135 1496 193 1558 illa
218 1497 347 1559 Veneta
383 1501 434 1558 est
468 1496 551 1558 anni
583 1479 871 1560 MCCCCLXXXI
906 1497 977 1581 'per
1008 1498 1200 1580 Baptistam

134 1603 177 1666 de
208 1603 343 1666 Tortis'.
392 1604 499 1666 Cuius
531 1605 708 1686 exemplar
735 1624 775 1667 ex
800 1604 1011 1669 bibliotheca
1036 1607 1202 1670 universi-

133 1710 213 1773 tatis
248 1711 480 1792 Gottingensis
514 1711 762 1792 benignissime
791 1713 934 1774 allatum
965 1713 1051 1775 mihi
1076 1720 1202 1796 praesto

134 1817 208 1881 luit.
266 1818 385 1900 Neque
423 1824 540 1882 tamen
580 1819 745 1881 omnibus
784 1820 887 1882 rebus
927 1821 1036 1883 codex
1072 1826 1105 1884 et
1143 1840 1202 1904 pa·
1234 1901 1235 1904 Ἴ

134 1926 304 2008 laeotypus
335 1925 425 1988 inter
458 1946 493 1988 se
527 1927 739 1990 conveniunt
771 1925 870 2008 (quos
897 1927 1046 1989 breviter
1069 1928 1093 1989 h
1118 1928 1202 1990 etV

135 2031 359 2114 significabo).
402 2033 451 2095 lta
483 2034 616 2117 paginae
648 2034 836 2113 nonnullae,
861 2054 938 2116 quae
967 2035 991 2096 h
1020 2033 1202 2116 incipiunt,

135 2139 170 2200 in
206 2141 234 2203 V
270 2140 407 2202 absunt.
456 2141 583 2204 Contra
619 2143 643 2204 h
678 2160 748 2204 non
785 2141 890 2204 habet
922 2142 997 2205 haec
1033 2141 1149 2219 verba,
1183 2160 1202 2203 a

135 2247 315 2329 quibusV
351 2246 485 2329 incipit:
523 2248 698 2311 ’Solebant
734 2249 882 2311 maiores
918 2249 954 2312 in
988 2248 1202 2331 exponendis

134 2354 231 2416 libris
245 2354 354 2416 multa
371 2354 555 2437 inquirere,
572 2376 650 2438 quae
667 2375 761 2418 nunc
778 2356 1005 2419 omittuntur'.
1031 2356 1202 2433 Ceterum,

133 2462 227 2544 quod
261 2461 305 2523 ad
330 2461 454 2544 primi
487 2462 585 2524 libri
609 2463 901 2526 commentarium
926 2463 1057 2542 attinet,
1083 2463 1202 2524 omnia

132 2568 201 2632 fere
235 2569 270 2631 in
300 2570 324 2632 h
355 2570 439 2632 etV
470 2577 679 2650 congruunt3
715 2577 859 2633 exeunte
892 2576 1009 2633 tamen
1042 2571 1131 2633 libro
1166 2569 1202 2632 in

133 2677 161 2739 V
186 2677 355 2740 nonnulla
384 2677 514 2738 omissa
539 2685 629 2740 sunt.
678 2677 806 2740 Ceteris
832 2677 867 2739 in
891 2677 989 2740 libris
1014 2678 1042 2740 V
1066 2683 1203 2739 tantum

132 2783 270 2862 omittit,
295 2768 411 2846 utne
437 2781 478 2858 lle
504 2784 645 2866 quidem
665 2804 796 2863 eorum,
821 2804 899 2867 quae
923 2784 959 2846 in
985 2786 1008 2847 l1
1032 2786 1203 2864 leguntur,

132 2891 168 2953 in
197 2892 225 2954 V
250 2896 366 2954 exstet.
415 2891 481 2953 Sed
513 2911 563 2971 ea,
588 2912 665 2974 quae
690 2893 718 2955 V
746 2893 862 2971 habet,
898 2911 979 2955 cum
1009 2892 1033 2954 h
1064 2910 1203 2974 quoque

132 3018 268 3081 semper
299 2998 368 3061 fere
401 2999 538 3078 habeat,
569 3020 639 3062 non
665 2999 812 3061 dubium
837 2999 984 3078 videtur,
1008 2999 1094 3081 quin
1119 2999 1147 3061 V
1172 3003 1204 3060 et

132 3105 378 3168 hcommunis
414 3106 458 3167 sit
482 3105 587 3187 origo.
636 3108 751 3184 Quare
775 3107 870 3189 quod
907 3106 1060 3169 Marxius
1096 3105 1205 3168 credit

132 3213 227 3275 hunc
257 3212 419 3276 editionis
444 3214 472 3274 V
497 3214 788 3276 commentarium
813 3210 928 3298 (quem
959 3213 1140 3296 copiosum
1171 3219 1204 3275 et

132 3325 273 3382 acutum
305 3318 465 3403 appellat)
491 3321 582 3383 docti
607 3321 792 3383 cuiusdam
821 3340 895 3383 esse
920 3321 1013 3383 illius
1036 3319 1203 3402 temporis

132 3425 181 3509 (=
199 3427 283 3489 anni
310 3425 417 3510 1481),
442 3427 629 3490 verisimile
654 3448 727 3489 esse
753 3448 823 3491 non
847 3426 985 3510 potest.1

222 3604 234 3640 ¹
259 3613 414 3668 Praeterea
447 3613 593 3668 editionis
624 3612 755 3668 Vinfra
788 3612 873 3667 nulla
910 3613 990 3667 ratio
1025 3612 1203 3681 habebitur,

131 3718 204 3758 cum
228 3701 342 3757 melior
365 3701 405 3757 sit
429 3703 450 3757 h
475 3702 593 3757 codicis
618 3702 789 3757 auctoritas
814 3707 844 3757 et
861 3702 984 3757 mendis
1001 3700 1204 3773 typographi-

132 3791 177 3847 cis
201 3792 226 3845 V
250 3795 375 3846 scateat.
424 3791 492 3846 Nisi
517 3791 702 3847 necessitate
727 3796 865 3861 cogente,
891 3791 917 3846 si
943 3808 1025 3863 pars,
1043 3807 1114 3863 quae
1131 3790 1205 3845 inV

132 3897 259 3953 quoque
284 3884 390 3950 exstat,
415 3881 448 3935 in
473 3882 494 3936 h
518 3885 669 3954 corrupta
694 3880 865 3951 videbitur,
879 3881 959 3936 adV
974 3896 1048 3934 non
1066 3880 1133 3932 emt
1145 3891 1223 3928 eou-

131 3969 322 4040 fugiendum.
