2716 4254
572 190 748 250 ...18-

138 352 276 412 secutus
294 352 352 409 est.
392 347 430 408 ln
449 347 653 410 Bucolicum
701 346 858 425 Qualitas
894 353 1009 409 autem
1045 347 1120 408 haec
1153 352 1216 420 est,

138 453 342 533 humilibuS,
380 460 418 516 ut
453 473 533 517 cum
569 454 650 518 velit
697 453 827 517 scilicet
858 452 1001 517 humilis
1025 454 1214 517 character.

138 561 331 642 significare
355 567 504 641 noctem,
527 561 576 624 sic
600 562 650 624 in·
698 562 781 624 Tres
794 561 886 624 eninr
898 561 1215 639 suntcharacteres,

139 668 226 752 quit:
253 669 296 731 Et
319 668 389 732 iam
415 688 554 733 summa
576 689 653 752 pro·
701 668 855 748 humilis,
878 667 1025 747 medius
1041 668 1213 750 grandilo-

139 776 194 838 cul
227 774 389 838 villarum
421 776 575 839 culmina
600 776 651 838 fu·
698 796 803 858 quus:
829 795 917 858 quos
942 794 1063 838 omnes
1088 775 1124 838 in
1146 776 1215 839 lroc

139 888 236 945 mant
265 880 460 966 (Ecl.1,82).
510 885 600 946 Nam
624 883 653 946 si
699 883 897 947 invenimus
920 888 1031 965 poeta.
1065 883 1154 944 Nam
1177 883 1215 946 in

138 989 259 1053 fuisset
300 989 443 1053 materia
476 990 654 1073 altiloqua,
700 990 849 1053 Aeneide
866 989 1136 1072 grandiloquum
1152 991 1214 1053 ha-

138 1096 294 1160 dixisset:
324 1098 456 1160 Aureus
488 1116 652 1161 occasum
698 1098 765 1177 het,
791 1097 826 1160 in
851 1096 1023 1177 Georgicis
1046 1086 1215 1177 medium,

138 1204 208 1267 iam
239 1207 291 1267 sol
323 1204 502 1288 spectabat
527 1202 650 1289 [amoc
698 1205 734 1268 in
760 1203 932 1268 Bucolicis
957 1203 1126 1266 humilem
1151 1224 1215 1287 pro

138 1309 656 1396 numlequosquePronumiter
701 1310 1215 1394 qualitatenegotiorumetper-

138 1420 281 1501 urgebat
305 1419 398 1482 facili
418 1419 652 1485 ,transmittere
699 1437 974 1483 sonarumznam
987 1410 1144 1501 personae
1156 1419 1216 1482 hic

138 1524 268 1589 cursu.l
305 1528 345 1588 ln
375 1526 547 1607 Georgicis
572 1546 653 1589 vero
700 1526 837 1590 rusticae
869 1531 961 1605 sunt,
994 1525 1215 1608 simplicitate

140 1633 385 1714 mediocribus,
415 1633 451 1695 in
482 1633 652 1697 Aeneidos
699 1634 899 1715 gaudenter,
923 1653 943 1696 a
968 1632 1096 1716 quibus
1125 1632 1215 1695 nihil

139 1740 324 1823 altiloquis.
355 1778 397 1784 —-
421 1777 464 1785 --
702 1742 810 1803 altum
836 1739 936 1803 debet
959 1739 1097 1823 requiri.

185 1845 657 1932 1,l§7ersinumerosc.per
747 1848 806 1928 Vg.
841 1847 898 1910 Ge.
934 1847 1081 1926 1,1—4.
1139 1847 1214 1911 Ser-

139 1954 283 2017 nomina
297 1955 499 2018 numeralia.
519 1957 563 2019 Ut
575 1956 651 2018 ‘tria
697 1954 774 2018 vius
799 1954 843 2016 ad
868 1955 963 2016 hunc
986 1954 1114 2033 locum,
1130 1975 1163 2018 v,
1183 1959 1212 2017 1:

140 2068 221 2124 sunt
234 2081 311 2144 quae
325 2063 413 2125 mihi
429 2062 590 2126 videntur
606 2049 671 2126 ad'
698 2099 740 2107 -
764 2098 807 2106 -
832 2062 875 2123 Et
902 2060 1084 2124 sciendum
1114 2068 1214 2143 qnat-

140 2174 294 2231 nostram
307 2189 379 2232 rem
391 2169 652 2253 publicamper-
699 2175 778 2232 tuor
807 2168 929 2251 primis
959 2167 1117 2231 versibus
1141 2175 1213 2231 tex-

139 2275 260 2338 tinere:
279 2276 415 2339 utboni
433 2277 653 2359 magistratus
699 2284 773 2340 tum
804 2275 1024 2358 sequentium
1049 2281 1215 2358 quattuor

140 2382 319 2464 eligantur,
333 2383 413 2449 iusti
429 2384 654 2467 praemientur
699 2383 868 2446 librorum
882 2403 943 2465 per
958 2382 1116 2445 ordinem
1131 2402 1212 2446 con-

140 2490 651 2574 etiniquipoenisalficiantur'.
698 2490 810 2554 tineri.

141 2597 225 2660 ltem
245 2597 424 2680 ’quoniam
438 2598 481 2661 de
498 2599 653 2679 benigni-

140 2709 216 2767 tate·
233 2704 303 2767 veri
321 2705 507 2777 Salvatoris
530 2712 652 2769 tracta-

139 2816 214 2874 tum
224 2818 285 2891 est,
299 2813 481 2875 ostendam
494 2813 568 2876 eius
579 2829 652 2893 gra·

140 2918 225 2981 liam
241 2939 302 3002 per
318 2926 455 3000 terram,
472 2939 533 3003 per
547 2938 652 3000 mare,

140 3045 200 3108 per
224 3046 337 3090 aerem
363 3033 395 3089 et
419 3027 569 3110 denique
593 3047 654 3109 per

141 3152 262 3195 omnes
274 3133 359 3196 coeli
373 3141 487 3212 partes
504 3154 577 3198 esse
589 3134 652 3196 dii-

140 3240 275 3303 lusam'.
344 3241 429 3303 Item
469 3241 651 3322 Vergilius:

140 3347 233 3424 Quid
264 3347 369 3410 faciat
393 3348 487 3410 laetas
511 3355 651 3429 segeteS,

141 3474 210 3536 quo
233 3455 343 3517 sidere
359 3461 486 3518 terram
505 3456 650 3535 Vertere,

142 3563 323 3642 Maecenas,
357 3563 528 3645 ulmisque
560 3559 651 3644 <ad->

128 3669 280 3752 ‘iungere
301 3669 386 3733 vites
404 3667 653 3754 Convenialnlt,

232 3884 242 3919 ¹
268 3893 399 3967 Versum
425 3908 487 3947 non
512 3892 625 3949 inveni.
