2716 4254
587 174 764 232 -59-

138 333 291 397 dentalia
322 333 471 396 breviter
493 333 538 395 ad
563 331 757 395 necessaria
780 332 977 394 trahuntur.
991 366 1024 374 —
1038 366 1071 374 —
1085 365 1118 375 -
1143 331 1207 393 De-

138 441 253 504 finitio
281 441 403 523 itaque
436 445 487 503 est
520 439 714 522 complexio
743 438 963 521 propriarum
988 443 1210 520 potestatum,

139 550 162 612 i.
181 569 209 612 e.
226 548 478 631 proprietatum
503 547 781 629 qualitatumque
802 545 916 608 brevis
933 546 1210 627 comprehensio,

140 676 220 739 quae
244 655 395 718 brevitas
421 674 490 716 non
508 655 669 716 excludat
684 652 941 735 perfectionem.
956 690 988 695 -
1002 689 1035 695 —
1049 689 1082 696 -
1107 653 1211 716 Color

140 782 295 845 namque
329 762 392 824 iste
425 762 461 823 in
495 761 592 823 omni
623 761 743 841 figura,
768 761 803 822 in
828 759 925 822 omni
949 777 1071 840 genere
1096 779 1211 823 causae

140 872 186 933 ad
212 868 520 952 amplificationem
544 868 735 950 plurimum
752 868 852 930 valet.
879 868 918 929 ln
936 867 1114 930 definitiva
1131 887 1211 930 con·

140 977 321 1041 stitutione
360 976 512 1038 maxime
551 981 602 1038 est
637 975 934 1038 accommodatus.
983 975 1064 1038 Ideo
1100 981 1213 1057 potest

140 1084 212 1147 dici
237 1083 301 1146 sic:
328 1083 493 1146 Definitio
518 1089 569 1145 est
592 1082 843 1164 proprietatum
869 1082 1016 1145 alicuius
1041 1082 1155 1145 brevis
1181 1088 1213 1144 et

142 1191 304 1254 absoluta
329 1190 590 1253 demonstratio.

234 1334 289 1409 IV,
315 1336 356 1396 25
380 1331 402 1416 ξ
426 1336 468 1395 35
502 1334 581 1395 Item
616 1352 682 1394 non
716 1337 769 1395 est.
813 1334 882 1395 Ista
907 1334 1009 1395 datur
1032 1352 1093 1415 per
1117 1314 1212 1395 diffe-

141 1440 302 1503 rentiam.
350 1440 446 1503 Sicut
475 1441 574 1502 docet
605 1440 812 1502 Victorinus
830 1440 873 1503 de
897 1446 1061 1523 quattuor
1084 1439 1213 1520 generi-

142 1548 210 1610 bus
235 1547 490 1610 definitionum.

236 1691 291 1768 IV,
321 1692 363 1752 26
395 1688 417 1772 ξ
446 1693 487 1752 35
526 1689 689 1752 Transitio
719 1695 855 1752 uocatur
886 1686 1120 1762 Msrddeorel—
1137 1727 1214 1734 --

145 1799 242 1860 Patet
271 1797 365 1878 quod
390 1797 454 1859 iste
477 1798 573 1859 color
596 1815 637 1858 ac
660 1803 803 1859 ornatus
827 1796 1014 1859 verborum
1038 1797 1140 1879 plane
1165 1802 1216 1859 est

144 1910 177 1966 et
201 1903 238 1965 in
262 1904 520 1983 constitutione,
545 1904 627 1985 quia
651 1905 817 1966 transitus
841 1904 1003 1983 ostendit,
1020 1904 1105 1985 quid
1127 1903 1214 1966 dixit

143 2011 272 2093 aliquis
297 2011 437 2092 etquid
462 2011 617 2074 dicturus
642 2011 695 2072 sit.
744 2012 786 2072 Et
810 2011 950 2073 curialis
975 2016 1006 2074 et
1030 2011 1212 2073 usitatissi-

145 2138 225 2180 mus
258 2124 309 2180 est
339 2119 434 2180 color
463 2118 527 2180 iste
556 2118 592 2180 in
616 2117 781 2180 omnibus
806 2118 1006 2180 auctoribus
1031 2118 1123 2180 etin
1148 2119 1214 2180 lec·

144 2224 299 2287 tionibus
325 2225 579 2305 magistrorum.
628 2226 671 2287 Et
694 2226 784 2288 valet
808 2226 843 2288 in
868 2225 964 2288 omni
988 2226 1098 2306 figura
1122 2231 1154 2288 et
1178 2225 1214 2286 in

146 2332 243 2394 omni
277 2349 409 2413 genere.
457 2333 513 2395 Sic
545 2332 766 2395 describitur:
801 2332 976 2395 Transitio
1008 2338 1058 2394 est
1082 2352 1214 2412 eorum,

146 2459 224 2521 quae
256 2439 347 2501 dicta
377 2444 459 2502 sunt
486 2445 518 2502 et
543 2460 620 2522 quse
644 2439 791 2502 dicenda
817 2445 908 2518 sunt,
933 2439 1047 2502 brevis
1072 2439 1213 2502 demon-

146 2546 277 2608 stratio.
326 2547 386 2609 Vel
411 2547 474 2609 sic:
501 2546 676 2609 Transitio
701 2552 749 2608 est
775 2546 888 2609 brevis
913 2546 1066 2609 ostensio
1083 2566 1215 2624 eorum,

147 2673 225 2735 quae
250 2653 414 2731 diximus,
439 2673 544 2716 causa
569 2654 757 2732 memoriae,
782 2659 814 2715 et
837 2653 923 2735 quid
940 2653 1065 2716 dicturi
1082 2674 1214 2716 sumus.

238 2797 294 2874 IV,
319 2801 361 2859 26
384 2795 406 2879 ξ
430 2800 472 2859 36
499 2796 660 2860 Correctr'o
681 2802 726 2859 est
742 2817 824 2879 quoe.
859 2797 925 2859 Iste
942 2797 1047 2876 color,
1064 2797 1124 2878 qui
1141 2797 1215 2859 sine

148 2903 256 2965 dubio
281 2909 331 2965 est
356 2904 398 2966 de
422 2904 603 2966 ornatibus
627 2904 813 2967 verborum
838 2909 870 2966 et
894 2904 929 2965 in
948 2903 1215 2981 constructione,

148 3009 230 3092 quia
254 3010 325 3072 vim
350 3011 456 3073 habet
480 3030 521 3073 ex
545 3011 811 3073 constructione.
860 3012 976 3073 Potest
991 3011 1104 3073 valere
1122 3010 1215 3073 enim

148 3119 185 3178 in
209 3117 306 3179 omni
330 3118 451 3198 figura,
476 3118 536 3180 sed
561 3118 671 3198 magis
695 3118 731 3179 in
755 3118 862 3198 gravi,
879 3123 911 3180 et
928 3118 963 3179 in
981 3117 1078 3180 omni
1095 3135 1216 3199 genere

148 3243 274 3303 causae,
307 3225 498 3306 plurimum
532 3231 648 3288 tamen
680 3226 717 3287 in
741 3225 906 3288 iudiciali.
955 3226 994 3286 ln
1019 3225 1217 3287 narratione

149 3337 261 3413 potest
284 3332 368 3414 poni
393 3338 425 3395 et
448 3333 484 3394 in
508 3332 772 3396 confirmatione
797 3338 829 3395 et
844 3332 1121 3414 reprehensione.
1161 3332 1217 3394 Sic

149 3438 369 3501 describitur:
404 3440 577 3503 Correctio
612 3446 663 3503 est
695 3459 758 3522 pro
783 3459 834 3518 ee,
859 3439 953 3522 quod
977 3439 1131 3521 positum
1156 3445 1217 3517 est,

151 3545 261 3625 magis
297 3546 413 3609 idonei
448 3547 544 3609 verbi
580 3547 717 3629 positio.
765 3548 825 3609 Vel
862 3547 925 3608 sic:
963 3545 1136 3608 Correctio
1167 3552 1218 3609 est

150 3652 274 3734 prioris
298 3654 458 3716 vocabuli
480 3674 541 3736 per
557 3654 739 3736 posterius,
756 3654 849 3735 quod
868 3658 918 3714 est
934 3653 1084 3732 digniuS,
1102 3671 1216 3714 emen-

151 3796 211 3803 ·---
224 3796 452 3802 --.-.-.,.--..
456 3797 552 3802 —..
557 3797 571 3801 ..
747 3797 757 3801 -
762 3795 1021 3802 -.-—-.---—-

242 3864 253 3900 1
278 3873 482 3929 mcthautesis
507 3877 536 3928 ct
560 3878 720 3928 metaueso
745 3877 879 3927 transeo.
