2716 4254
584 220 689 279 -ssl
718 253 760 260 .-

230 379 285 456 lV,
303 380 356 456 27,
380 375 459 459 §37
485 382 542 438 aul
567 378 835 460 unumquodque.
870 378 922 439 Ad
938 378 1064 459 plures.
1090 377 1206 439 Virtus

138 491 257 548 autem
281 484 525 547 disiunctionis
550 491 611 563 est,
635 485 728 566 quod
754 485 899 548 diversae
916 485 1080 547 clausulae
1097 484 1206 547 diuer-

139 593 188 655 sis
212 591 327 654 verbis
350 591 591 655 terminantur.
607 629 638 635 —
653 629 686 636 --
712 593 754 654 Et
778 593 822 655 ad
847 611 969 654 omnes
994 597 1108 674 partes
1132 611 1206 674 per-

138 700 234 761 tinet.
272 700 310 760 ln
336 683 609 761 demonstrativo
630 716 751 779 genere
767 701 858 762 valet
874 705 907 762 et
923 700 958 761 in
975 699 1070 779 gravi
1086 700 1207 779 figura.

140 808 180 869 ln
205 806 402 869 narratione
426 811 538 888 potest
561 807 674 869 ualere
699 807 791 869 etin
816 807 1080 869 confirmatione
1105 812 1137 869 et
1157 825 1207 868 re·

139 913 380 996 prehensione.
428 913 544 976 Virtus
569 913 662 976 enirn
687 914 932 977 disiunctionis
957 920 1018 992 est,
1043 913 1135 995 quod
1156 913 1207 975 di-

138 1039 247 1083 versae
271 1020 436 1083 clausulae
461 1026 535 1099 etc,
559 1027 597 1082 ut
621 1040 736 1103 supra.
785 1022 829 1084 Et
851 1021 965 1083 differt
981 1040 1001 1083 a
1017 1021 1104 1104 pari,
1125 1020 1208 1103 quia

140 1127 176 1189 in
201 1146 241 1190 eo
265 1127 395 1208 paritas
420 1126 631 1209 syllabarum
650 1129 900 1209 consideratur,
918 1129 975 1191 hic
992 1134 1108 1191 autem
1126 1147 1207 1189 nou.

141 1235 185 1297 Et
216 1234 294 1296 ideo
326 1235 486 1316 quamvis
511 1235 581 1296 duo
605 1241 748 1298 ornatus
772 1237 826 1299 uel
850 1237 966 1318 plures
990 1234 1147 1297 incidant
1171 1235 1208 1296 in

140 1341 246 1420 idem,
268 1347 386 1403 tamen
411 1341 506 1404 iuxta
527 1342 771 1424 proprietatem
789 1343 1040 1425 proprietatum
1058 1342 1208 1405 diversa·

141 1468 231 1526 rum,
267 1448 288 1510 i.
320 1468 348 1511 e.
377 1449 690 1512 considerationem
728 1450 828 1512 facile
864 1451 1052 1513 attenditur
1087 1469 1208 1512 eorum

141 1555 333 1618 diversitas.

231 1699 287 1776 lV,
311 1697 352 1760 27
378 1696 400 1781 ξ
423 1701 464 1761 37
491 1698 584 1761 Nihil
607 1699 830 1763 Numantinis.
868 1701 1011 1764 Videtur
1035 1701 1092 1764 hic
1115 1720 1209 1783 repe-

99 1872 102 1876 ,
140 1805 217 1868 titio
241 1805 376 1887 primus
401 1806 504 1869 color.
553 1808 644 1869 Bene
667 1813 785 1870 tamen
810 1808 880 1870 duo
901 1809 1033 1871 colores
1050 1808 1211 1870 incidunt

141 1914 178 1975 in
212 1913 358 1975 eandem
392 1913 596 1991 orationem,
630 1920 668 1976 ut
698 1915 756 1976 hic
785 1915 940 1997 repetitio
966 1921 998 1977 et
1022 1915 1209 1977 disiunctio

141 2021 333 2082 incurrunt.

233 2163 288 2240 lV,
313 2165 353 2225 27
379 2160 401 2246 ξ
425 2166 467 2226 38
503 2162 697 2226 Coniunclio
722 2169 768 2227 esl
799 2165 949 2228 duarum
973 2165 1210 2228 clausularum

140 2271 195 2333 vel
228 2271 382 2352 plurium
415 2270 495 2332 talis
528 2271 734 2353 complexi0,
775 2272 869 2354 quod
912 2273 986 2335 istae
1027 2273 1063 2334 in
1095 2271 1210 2334 medio

141 2376 288 2440 verbum
313 2397 331 2439 a
357 2378 537 2440 communi
567 2379 768 2460 possideant
792 2378 899 2447 *rial
929 2396 1036 2460 graece
1067 2380 1120 2442 vel
1145 2377 1211 2441 σύν-

143 2480 278 2566 ζευγμαὲ
295 2483 422 2546 dicitur
438 2490 470 2546 et
486 2486 643 2567 superior
660 2483 795 2569 ζεῦγμα3
810 2493 963 2550 vocatur.
979 2522 1010 2532 -
1024 2525 1057 2530 —
1072 2524 1105 2530 -
1121 2482 1211 2550 'Ubi-

103 2636 106 2641 -
143 2610 211 2673 que
246 2591 346 2669 valet,
383 2591 465 2673 quia
501 2593 545 2654 ad
581 2592 797 2672 brevitatem,
828 2599 860 2656 et
890 2594 1039 2657 brevitas
1071 2593 1211 2676 ubique.

144 2697 206 2760 Est
231 2704 347 2760 autem
372 2699 572 2762 coniunctio
597 2699 641 2762 ad
666 2698 1034 2782 comprehensionem4
1058 2700 1211 2783 superio-

144 2824 222 2866 rum
247 2805 398 2887 partium
424 2811 457 2868 et
480 2806 685 2870 inferiorum
707 2808 854 2871 alicuius
871 2808 967 2871 verbi
985 2807 1211 2890 interpositio.

155 2938 157 2943 ’
234 2948 290 3026 lv,
315 2950 355 3010 27
380 2946 402 3031 ξ
426 2952 468 3011 38
492 2949 680 3030 deflorescit.
717 2952 779 3013 Est
801 2951 947 3014 verbum
965 2970 1151 3014 commune
1168 2950 1213 3012 ad

144 3060 341 3137 utrumque.
389 3056 428 3117 ln
453 3057 624 3120 rhetorica
650 3058 811 3121 Martiani
836 3058 998 3121 invenitis
1021 3059 1086 3120 ista
1103 3074 1213 3138 graeca

145 3161 299 3224 nomina.
347 3164 439 3225 Bene
462 3163 561 3244 legite
585 3164 644 3226 ihi.

235 3305 291 3382 lV,
315 3307 356 3367 27
381 3303 403 3388 ξ
427 3309 470 3368 38
493 3305 670 3369 Adiunctio
694 3308 821 3371 dicitur
843 3325 951 3389 graece
975 3307 1152 3394 πρόζευγμα
1168 3306 1213 3369 ab

145 3411 307 3473 anteriori
331 3413 385 3474 vel
409 3413 602 3494 posteriori.
643 3415 685 3476 Et
708 3415 745 3477 in
770 3417 837 3478 hoc
861 3416 975 3478 differt
990 3416 1053 3477 iste
1070 3420 1213 3476 ornatus

145 3537 165 3580 a
190 3518 446 3596 coniunctione,
464 3521 558 3602 quod
578 3521 635 3584 hic
652 3522 794 3604 quidem
811 3523 956 3585 verbum
974 3521 1104 3585 habent
1120 3540 1213 3584 com·

145 3644 252 3687 mune
285 3631 318 3689 et
341 3645 360 3688 a
385 3627 565 3690 communi
599 3628 677 3691 duae
710 3629 889 3706 clausulae;
924 3628 983 3691 sed
1013 3627 1155 3711 ponitur
1177 3626 1213 3689 in

237 3817 248 3856 ¹
273 3829 465 3901 Syneptosis
558 3822 569 3859 ²
594 3832 763 3888 sinzeuma.
857 3823 1008 3887 8zeuma.

236 3909 250 3944 ‘²
273 3919 552 3990 reprehensionem
578 3922 607 3976 h.
