2716 4254
594 212 637 221 -
661 178 702 238 aa
727 211 769 219 --

144 336 239 399 ribus
252 344 285 400 et
301 335 345 399 ad
362 336 640 400 exercitationem
660 336 803 399 mixtam
821 354 900 398 eum
918 334 1046 414 fructu,
1061 336 1220 398 secundo

143 443 294 507 ostendit
329 444 540 524 facilitatem,
575 463 635 526 per
670 462 777 524 quarn
810 448 923 524 potest
944 443 1023 524 quis
1051 442 1220 512 facillime

143 570 306 616 exercere.
353 552 468 615 Tertio
492 549 642 615 ostendit
666 549 817 613 fructum
834 549 1100 614 exercitationis.
1139 550 1219 632 Epi·

143 658 235 739 logat
258 677 348 741 ergo,
373 659 468 743 quod
492 659 528 722 in
552 664 624 722 tota
648 664 720 721 arte
744 657 877 721 dictum
902 664 962 721 est.

234 819 289 900 lV,
313 821 356 883 56
379 817 402 903 ξ
425 822 467 883 69
502 817 671 902 diliqentiu
707 824 736 882 et
770 817 1009 894 exercitatione,
1035 817 1057 881 i.
1083 837 1113 882 e.
1142 818 1216 882 dili·

143 920 247 1008 genti
268 926 520 1006 exercitatione,
551 924 750 1008 diligenterl
776 946 840 989 nos
871 926 1063 989 exercendo
1088 925 1140 1014 ἰιιχ
1159 926 1215 989 eis.

145 1033 251 1115 lgitur
282 1034 340 1098 hic
364 1033 451 1097 liber
478 1034 515 1096 in
539 1032 714 1116 quendam
738 1032 897 1097 ordinem
922 1031 1095 1114 redegisse
1121 1033 1216 1097 vide·

144 1135 207 1205 tur'.
255 1142 344 1205 Nam
379 1141 414 1204 in
443 1141 512 1204 fine
536 1140 667 1204 exordii
692 1140 778 1204 dixit
802 1141 893 1204 hanc
917 1145 1025 1203 artem
1051 1139 1096 1203 ad
1124 1160 1216 1205 exer·

143 1247 342 1312 citationem
356 1254 512 1331 oportere
524 1245 810 1312 accommodari.2
844 1249 887 1310 Et
903 1247 939 1310 in
957 1244 1102 1332 iltildem
1123 1267 1217 1311 nunc

143 1354 220 1418 linit
243 1375 346 1419 suum
371 1355 511 1434 librum,
535 1355 570 1418 in
595 1354 885 1434 exercitationem,
909 1374 986 1438 quae
1011 1361 1063 1417 est
1083 1355 1217 1438 perfec·

142 1460 190 1524 tio
215 1469 285 1526 tam
310 1463 410 1526 istius
434 1482 539 1547 quam
565 1461 713 1525 aliarum
730 1461 994 1545 disciplinarum
1011 1480 1054 1525 ac
1070 1462 1212 1527 scienti·

140 1587 250 1650 arum,
267 1567 370 1652 quas3
386 1589 507 1634 omnes
532 1569 643 1633 tribus
667 1570 770 1633 rebus
796 1569 933 1652 assequi
950 1569 1160 1652 poterimus,
1179 1577 1216 1633 ut

140 1672 212 1757 ipse
248 1676 366 1740 Cicero
402 1677 450 1740 ait
485 1677 575 1740 circa
604 1677 827 1761 principium,
852 1683 934 1756 arte,
959 1675 1161 1740 imitatione
1186 1683 1217 1740 et

142 1782 411 1847 exercitatione.4

570 1965 783 1973 ..————

229 2161 311 2223 Haec
344 2159 414 2222 iam
448 2160 574 2242 scripta
608 2166 640 2223 et
662 2159 754 2243 typis
788 2159 960 2243 descripta
992 2166 1103 2239 erant,
1132 2180 1215 2225 cum

140 2267 316 2348 catalogos.
339 2266 513 2355 ¹librorum
547 2286 655 2330 manu
685 2266 893 2350 scriptorum
918 2268 1155 2350 perscrutanti
1180 2270 1216 2333 in

140 2373 374 2455 suspicionem
409 2366 502 2436 'mihi
544 2374 638 2438 venit
671 2374 807 2438 codices
843 2375 1031 2438 nonnullos
1058 2375 1214 2457 Italicos,

141 2488 312 2563 quantum
341 2501 381 2544 ex
410 2481 505 2545 brevi
529 2481 760 2564 descriptione
784 2481 941 2545 conicere
965 2481 1074 2560 licuit,
1098 2483 1216 2548 codici

138 2587 187 2651 illi
234 2588 429 2653 Holmiensi
473 2588 737 2672 quodammodo
776 2594 941 2670 cognatos
982 2607 1056 2652 esse
1097 2609 1214 2672 posse.

141 2696 264 2758 Postea
282 2695 318 2758 in
336 2695 434 2759 ltalia
451 2696 673 2779 peregrinans
690 2696 910 2760 occasionem
923 2695 1058 2778 repperi
1072 2697 1215 2762 codices

140 2801 218 2864 illos
243 2803 439 2866 accuratius
464 2802 681 2885 inspiciendi.
731 2805 817 2882 Quae
833 2803 1003 2885 inspectio
1020 2809 1058 2865 ut
1074 2804 1214 2886 opinio·

140 2928 220 2972 nem
246 2929 360 2972 meam
385 2910 625 2993 comprobavit
649 2946 692 2955 -—
717 2910 908 2974 certissima
933 2908 1025 2972 enim
1056 2913 1214 2990 cognati-

141 3017 218 3079 onis
254 3016 351 3098 signa
385 3023 558 3097 e1·ant——,
583 3017 630 3081 ita
655 3017 783 3081 laboris
807 3017 958 3080 fructum
983 3035 1024 3079 eo
1048 3018 1126 3099 cepi
1153 3038 1215 3103 spe

141 3124 323 3202 minorem,
357 3125 451 3206 quod
485 3125 621 3189 codices
655 3124 703 3187 illi
730 3124 850 3204 Italici,
874 3142 1089 3208 quamquam
1114 3132 1215 3190 vetn-

139 3231 261 3294 stiores
286 3237 367 3294 sunt
390 3251 497 3315 quam
521 3229 557 3310 h,
582 3233 704 3296 eodem
725 3232 778 3295 vel
795 3230 900 3294 simili
917 3230 986 3294 fere
1003 3230 1111 3294 modo
1129 3251 1214 3297 con·

140 3337 301 3402 taminati
326 3344 358 3401 et
383 3339 561 3422 depravati
585 3346 675 3401 sunt.
725 3339 763 3401 ld
792 3358 932 3421 quoque
956 3336 1214 3421 impedimento

139 3452 211 3508 erat
228 3446 311 3508 satis
329 3464 467 3528 magno,
484 3446 578 3529 quod
596 3465 790 3529 numquam
808 3446 944 3509 codices
961 3464 1085 3508 omnes
1102 3446 1214 3511 simul

138 3553 335 3617 examinare
368 3555 476 3637 potui.
534 3556 649 3633 Quare
683 3574 741 3618 eos
770 3574 840 3617 non
865 3554 964 3617 aliter
987 3552 1148 3618 conferre
1173 3557 1213 3619 li·

138 3660 219 3739 cuit,
252 3660 319 3723 nisi
352 3662 595 3725 constituendo
629 3668 661 3725 et
685 3660 950 3741 considerando,
975 3679 1053 3743 quae
1078 3661 1212 3747 cuique

1056 3805 1216 3816 ....—---....-..

231 3875 238 3908 ¹
264 3883 421 3953 diligendo
448 3885 476 3938 lr.
526 3874 537 3908 '²
565 3885 584 3947 l,
610 3886 620 3937 l
648 3886 664 3948 ,ξ
691 3888 714 3959 l,
763 3875 774 3908 ²⁵
800 3900 870 3954 quae
896 3886 924 3939 lr.
974 3875 985 3910 ⁴
1012 3886 1032 3951 l,
1056 3886 1074 3938 2
1099 3886 1116 3951 ,ξ’
1143 3890 1173 3946 3.
