2716 4254
583 214 623 220 --
649 180 692 238 oo
721 213 759 219 --

136 343 222 415 tnm,
251 357 328 419 quac
359 344 409 400 est
438 343 497 399 ant
525 356 600 399 esse
624 343 745 419 potest.
795 335 876 398 ldeo
901 335 937 396 in
963 334 1165 398 dialecticis
1188 341 1217 398 et

137 442 488 508 sermocinationibus
517 449 600 506 sunt
628 448 842 524 argumenta,
866 442 887 505 i.
912 461 942 505 e.
968 441 1215 525 probabilitas,

138 551 173 614 in
204 550 482 615 conformatione
512 551 618 630 nulla,
642 550 725 633 quia
750 568 820 613 non
845 555 897 612 est
919 548 1118 613 verisimile
1143 569 1213 612 urn-

138 677 255 741 quam,
280 657 374 742 quod
401 659 510 721 lloma
534 658 628 721 venit
652 657 696 721 ad
721 656 853 721 undam
879 655 1089 735 Rubiconis,
1115 656 1213 720 utait

138 766 300 828 Lucanus
329 764 553 829 introducens
582 767 730 828 Romam
758 765 993 847 alloquentem
1020 764 1210 828 Caesarem:

139 872 218 950 Quo
253 871 348 936 lertis
384 891 461 936 mea
497 871 614 954 signal
631 905 733 917 -·-
758 870 997 936 Conformatio
1033 871 1133 934 enim
1168 871 1211 948 fit,

138 978 279 1061 quando
315 998 369 1042 res
405 986 512 1058 muta,
543 979 643 1062 quasi
673 979 832 1062 loquens,
855 983 916 1042 aut
943 976 1088 1056 absens,
1116 977 1211 1061 quasi

138 1105 290 1168 praesens
325 1093 425 1166 esset,
460 1093 521 1150 aut
553 1105 606 1149 res
641 1085 813 1165 informis,
837 1091 875 1148 ut
905 1105 958 1149 res
987 1091 1133 1148 mortua
1158 1091 1212 1148 aut

138 1193 270 1273 civitas,
295 1195 441 1278 loquens
465 1193 658 1277 quidquam
676 1192 870 1257 secundum
886 1191 1096 1273 dignitatem
1115 1211 1211 1256 suam

139 1300 378 1365 introducitur.
418 1301 656 1366 Conformatio
680 1301 716 1363 in
740 1300 838 1364 omui
860 1300 967 1382 figura
985 1305 1104 1383 potest
1122 1299 1213 1383 poni,

139 1407 199 1471 sed
224 1408 334 1490 magis
359 1409 394 1472 in
418 1409 523 1490 gravi.
565 1410 605 1471 ln
628 1407 784 1471 iudiciali
799 1425 923 1489 genere
939 1406 1098 1470 maxime
1115 1407 1213 1485 valet,

140 1515 174 1578 in
208 1516 456 1598 conquestione
490 1521 522 1579 et
552 1515 789 1597 indignatione
813 1514 1015 1599 plurimum.
1066 1515 1114 1577 Et
1139 1514 1213 1578 ideo

140 1621 174 1684 in
200 1623 424 1686 conclusione
448 1623 550 1688 debet
572 1623 722 1687 tractari.

230 1766 286 1847 lv,
303 1768 345 1829 53
369 1764 391 1850 ξ
415 1766 455 1828 67
482 1763 689 1849 Significnlio
712 1771 763 1829 est
786 1784 867 1828 cum
892 1764 1010 1828 minus
1036 1764 1172 1828 dicitur
1186 1771 1215 1828 et

140 1872 217 1955 plus
241 1872 451 1955 intelligitur.
477 1909 510 1917 —
535 1881 569 1917 -’
593 1910 626 1917 -
651 1871 863 1954 significatio
887 1876 938 1935 est
960 1903 1046 1939 *a*
1070 1872 1213 1936 alterius

140 1980 188 2042 rei
212 1999 253 2042 ex
277 1999 329 2060 eo,
353 1979 447 2063 quod
471 1980 624 2062 positum
649 1985 701 2042 est
724 1978 760 2042 in
785 1978 951 2055 oratione,
975 1978 997 2041 i.
1015 1997 1045 2041 e.
1068 1997 1155 2041 cum
1177 1999 1213 2043 ex

141 2106 211 2149 uno
236 2085 338 2149 datur
361 2086 455 2149 aliud
480 2086 640 2169 intellegi.
689 2087 732 2149 Et
756 2085 876 2149 multis
900 2084 1015 2148 modis
1041 2085 1151 2149 datur
1166 2085 1213 2149 in·

140 2192 246 2274 telligi
280 2212 390 2256 unum
424 2213 465 2256 ex
493 2193 573 2273 alio,
597 2212 657 2276 per
681 2192 992 2275 exsuperationem,
1014 2211 1079 2274 per
1104 2193 1214 2256 ambi·

140 2317 248 2381 guum
272 2307 348 2380 etc,
372 2300 393 2363 i.
419 2321 446 2365 e.
472 2300 693 2382 coniungitur
708 2300 783 2363 istis
802 2298 915 2363 modis
932 2299 1168 2365 omnibus-
1184 2336 1214 2345 -

231 2407 287 2487 lV,
311 2409 353 2470 54
387 2405 410 2491 ἕ
445 2410 484 2472 67
523 2409 583 2471 Per
619 2405 885 2490 consequentium
921 2407 960 2469 iit
994 2405 1214 2487 significatio,

141 2533 221 2578 cum
252 2532 313 2596 per
342 2533 558 2598 consequens
594 2515 696 2578 datur
730 2513 875 2595 intelligi
903 2512 1126 2594 antecedens,
1151 2515 1216 2578 hoc

141 2627 201 2700 est,
237 2641 312 2685 cum
346 2641 405 2698 res,
441 2641 517 2704 quoe
551 2626 733 2705 sequuntur
769 2620 872 2685 ulium
909 2640 977 2684 rem
1002 2653 1018 2686 a
1039 2653 1055 2686 a
1103 2626 1136 2684 ct
1175 2640 1214 2683 ex

142 2727 261 2811 quibus
284 2733 430 2806 totores,
457 2749 528 2811 quoe
558 2728 714 2813 seqnitur,
748 2727 945 2810 relinquitur
969 2727 1002 2790 in
1026 2724 1213 2810 suspenso²‚

142 2835 162 2898 i.
180 2855 207 2898 e.
226 2854 306 2898 cunr
336 2835 427 2898 dicto
451 2834 579 2918 aliquo,
604 2835 699 2918 quod
723 2835 878 2916 sequitur
901 2833 1008 2910 aliud,
1023 2841 1143 2916 potest
1165 2835 1214 2898 in·

142 2941 246 3023 telligi
280 2942 357 3021 hoc,
390 2942 484 3025 quod
507 2943 679 3025 praecedit.
728 2942 823 3005 Sicut
846 2942 882 3005 in
906 2941 966 3005 illa
989 2939 1215 3005 altercatione

143 3048 276 3112 Horatii
300 3069 380 3112 cum
402 3049 566 3131 quodam,
583 3049 644 3132 qui
660 3049 747 3112 dixit
764 3049 921 3112 Horatio:
940 3049 1030 3111 Tace
1046 3053 1096 3128 tu,
1115 3048 1215 3112 cuius

142 3161 239 3238 pater
271 3175 307 3218 se
342 3156 460 3219 cubito
496 3152 733 3237 emungebat³
779 3155 924 3219 Volebat
957 3154 1082 3234 dicere,
1119 3154 1216 3238 quod

142 3269 239 3345 pater
263 3263 336 3324 eius
361 3262 644 3326 salsamentarius
669 3269 765 3326 esset.
813 3263 883 3345 lpsi
909 3281 979 3325 non
1003 3268 1157 3344 possunt
1180 3281 1214 3325 se

142 3386 325 3451 emungere
349 3369 456 3451 digito
480 3376 619 3452 propter
643 3371 703 3447 sal,
721 3371 788 3432 hoc
809 3367 1033 3451 consequitur
1053 3368 1216 3432 officium

142 3476 410 3553 salsamentarii3
444 3476 539 3558 quod
573 3478 727 3559 emungit
751 3496 787 3539 se
811 3476 940 3555 cubito,
964 3493 1044 3558 ergo
1069 3475 1107 3539 in
1133 3495 1214 3541 con-

142 3583 299 3666 sequenti
323 3584 418 3648 dedit
441 3584 629 3666 intelligere
653 3582 871 3648 antecedens.
896 3620 930 3628 --
954 3618 988 3628 ·-

146 3727 214 3735 ——-
221 3728 368 3734 ————---
379 3729 512 3735 ——-—

234 3796 384 3860 lLucan.
411 3805 518 3860 phars.
544 3806 604 3860 191.
659 3796 784 3859 ²an'ler
811 3808 907 3859 learlns
932 3820 986 3859 rec.
1034 3793 1046 3830 ⁸
1075 3803 1121 3874 Cf.
1148 3823 1216 3877 quoe

142 3893 283 3950 llancius
306 3894 347 3949 nd
370 3893 400 3950 lt.
421 3895 437 3949 l.
455 3896 622 3950 annotavit.
