2716 4254
588 198 765 257 „71-

230 353 285 432 IV,
310 356 352 416 32
376 352 398 437 ξ
422 355 464 416 44
498 353 665 417 Iustabdis
699 354 732 417 in
768 354 864 418 istum
890 356 947 419 etr..
972 391 1015 400 -
1039 354 1210 418 —Color

138 460 233 524 enim
268 459 332 523 iste
365 460 402 523 in
434 460 531 524 omni
560 461 670 544 figura
703 469 736 526 et
768 462 803 526 in
829 463 924 526 omni
949 480 1071 545 genere
1095 480 1209 525 causac

139 574 251 650 potest
274 567 398 648 valere,
422 568 482 631 sed
504 568 663 632 brevitati
680 569 832 652 maxime
848 575 900 633 est
916 569 1089 633 inimicus.
1120 569 1208 632 Con-

138 675 288 739 clusioni
323 694 404 738 vero
438 676 797 740 est'aceommodatus
821 682 854 740 et
878 677 914 739 in
939 675 1208 741 continuationi-

138 782 204 846 bus
228 782 418 866 plurimum
444 783 544 847 valet.

231 963 287 1039 IV,
322 964 364 1025 32
388 961 410 1047 ξ
434 964 476 1025 44
509 964 683 1045 perturbat
718 963 866 1026 ordinem
895 970 1015 1027 contra
1040 963 1209 1027 rationem

139 1069 415 1150 grammaticam,
443 1090 521 1152 quae
538 1069 644 1149 iubet,
660 1077 698 1133 ut
715 1071 952 1134 nominativus
970 1076 1210 1154 anteponatur,

139 1176 285 1239 verbum
310 1176 346 1238 in
364 1176 479 1239 medio
504 1177 692 1260 etreliqua
718 1184 982 1261 postponantur.
1016 1177 1071 1240 Fit
1094 1184 1210 1241 autem
1252 1247 1254 1251 y

139 1284 365 1365 transgressio
382 1290 457 1352 ‚aut
480 1284 516 1346 in
541 1304 612 1348 uno
636 1285 742 1348 verbo
765 1291 913 1364 tantum,
937 1284 1101 1369 ponendo
1125 1304 1210 1367 prae-

139 1390 349 1474 positionem
374 1397 462 1472 post,
487 1398 525 1453 ut
549 1392 669 1456 'maria
694 1391 836 1456 circum'
862 1399 895 1456 et
918 1392 1035 1474 'quam
1053 1391 1098 1455 ob
1115 1393 1211 1471 rem',

140 1504 200 1560 aut
224 1497 259 1561 in
284 1504 355 1560 tota
379 1499 647 1577 constructione,
672 1505 710 1562 ut
734 1499 841 1562 'tuam
866 1499 1066 1582 rogabimus
1087 1499 1210 1561 huma-

140 1605 305 1668 nitatem'.

231 1767 286 1846 IV,
311 1769 352 1829 32
376 1765 398 1851 ξ
422 1764 471 1828 44-
487 1766 520 1830 in
539 1767 658 1849 quibus
674 1768 741 1829 Dat
757 1767 936 1848 quoddam
953 1768 1109 1849 generale
1125 1786 1211 1850 prae-

140 1880 279 1956 ceptum
297 1872 445 1936 faciendi
463 1892 653 1956 congruam
665 1873 957 1938 transiectiouem.
983 1875 1026 1937 Et
1038 1882 1088 1938 est
1100 1881 1210 1938 trans·

138 1979 251 2060 iectio,
274 1981 415 2062 quando
437 2000 547 2043 unum
569 1981 713 2073 yerbum
735 1981 885 2044 trahitur
906 2001 1015 2064 usque
1032 1981 1076 2044 ad
1092 1982 1210 2061 finem,

138 2087 234 2170 quod
268 2087 480 2151 construitur
511 2108 591 2151 cum
625 2108 676 2169 e0,
702 2088 797 2171 quod
821 2095 872 2152 est
896 2089 932 2151 in
955 2088 1139 2172 principi0,
1164 2089 1211 2152 ita

138 2194 234 2277 quod
259 2196 368 2258 multa
392 2196 669 2278 interponuntur.

232 2356 287 2434 IV,
311 2358 353 2419 33
377 2354 399 2439 ξ
422 2358 465 2418 44
491 2357 675 2440 Superlatio
691 2355 874 2444 Ὑπερβολή
891 2356 1017 2419 dicitur
1037 2376 1056 2419 a
1074 2355 1210 2420 Graecis.

140 2465 251 2546 Super
273 2463 452 2526 veritatem
476 2463 555 2546 plus
579 2463 663 2528 dicit
686 2483 793 2546 quarn
815 2483 946 2543 verum,
964 2463 1024 2526 sed
1046 2483 1118 2526 non
1133 2463 1212 2546 plus

140 2569 225 2633 dicit
254 2590 360 2652 quam
385 2571 510 2634 veritas
535 2571 589 2634 sit.
637 2572 680 2634 Et
704 2570 808 2634 etiam
841 2570 876 2633 in
901 2567 1106 2652 evangeliis¹
1131 2576 1213 2633 sunt

140 2678 351 2760 hyperbolae.
385 2677 450 2741 Sed
475 2677 511 2740 in
535 2678 724 2762 hyperbole
746 2677 824 2760 plus
841 2684 968 2741 sonant
984 2677 1089 2740 verba
1105 2696 1212 2758 quarn

138 2783 311 2868 (veritas)
333 2784 388 2864 sit,
411 2784 432 2847 i.
458 2804 486 2848 e.
511 2786 616 2849 verba
641 2792 767 2849 sonant
790 2803 895 2867 super
917 2783 1106 2862 veritatem,
1131 2783 1213 2867 quia

141 2890 302 2955 videntur
335 2912 459 2955 sonare
494 2892 573 2974 plus
609 2912 714 2974 quam
739 2911 859 2955 verum
894 2891 948 2970 sit,
972 2897 1023 2954 ut:
1050 2889 1213 2954 'rorantia

140 2998 293 3062 vidimus
328 2999 428 3062 astra'
439 2995 460 3062 ².
509 2998 672 3077 Quotidie
703 2999 750 3062 ita
778 2999 965 3082 loquimur.
1022 2997 1104 3061 ’Fac
1135 2998 1213 3076 hoc,

143 3106 235 3169 dabo
259 3105 332 3186 tibi,
357 3106 451 3189 quod
473 3106 547 3170 vis'.
580 3106 693 3169 Verba
710 3112 836 3169 sonant
852 3106 1030 3169 veritatem
1047 3111 1080 3168 et
1096 3111 1212 3168 tamen

143 3221 195 3276 est
230 3234 367 3277 sensus:
400 3213 519 3277 'multa
551 3213 654 3293 dab0,
686 3213 714 3276 si
739 3212 867 3276 facias'.
916 3211 971 3276 Sic
995 3211 1213 3276 describitur:

144 3320 337 3403 Superlatio
373 3328 423 3384 est
456 3341 562 3385 causa
597 3320 745 3403 augendi
769 3319 823 3385 vel
851 3319 1033 3382 minuendi
1060 3318 1213 3382 veritatis

142 3428 371 3512 exsuperatio,
396 3428 416 3490 i.
442 3448 469 3490 e.
495 3429 682 3511 superlatio
704 3434 754 3491 est
770 3427 881 3491 oratio
898 3447 958 3510 per
974 3426 1214 3509 quantitatem,

143 3555 224 3599 curn
249 3541 514 3618 augmentamus
539 3537 592 3599 vel
617 3536 821 3614 minuimus,
838 3533 932 3616 quod
950 3533 1111 3596 excedere
1127 3533 1213 3595 veri-

143 3649 248 3706 tatem
273 3643 377 3706 verba
403 3643 595 3706 videantur.

236 3892 246 3928 ¹
271 3901 506 4003 Euuangcliis..
533 3889 545 3926 ²
569 3901 655 3970 Verg.
680 3901 730 3954 Ae.
757 3900 809 3969 111,
834 3905 899 3968 5673
923 3898 961 3954 ci.
987 3898 1070 3954 Serv.
1088 3897 1128 3952 ad
1145 3898 1175 3953 h.
1192 3897 1211 3952 l.
