2716 4254
626 214 797 276 -12-

222 373 248 453 Ι,
272 374 292 436 4
308 369 331 458 ξ
347 377 367 438 6
388 372 591 456 principium
617 374 691 436 Hoc
783 372 991 452 Quint.lV,1
1008 370 1254 456 §1-320u0d

177 481 352 562 appellant
385 480 566 543 exordium
595 500 692 562 aper·
737 479 948 563 principium
966 480 1070 543 latine
1087 481 1140 543 vel
1158 500 1255 544 exor-

176 593 262 662 tum,
296 588 390 670 quod
427 588 535 651 Graeci
570 605 690 670 prooe·
738 588 835 650 dium
860 587 996 664 dicitur,
1021 588 1254 670 maioreque-

178 695 288 757 mium
306 694 426 758 dicunt
443 696 566 759 melius
584 715 690 778 quam
737 696 818 759 dam
843 695 975 757 ratione
1001 695 1108 758 Graeci
1133 696 1253 759 viden-

178 801 302 881 Latini,
328 808 365 864 ut
387 803 434 866 ait
452 803 689 881 Quintilianus
735 809 792 865 tur
830 813 1001 889 προοίμιον
1040 803 1252 880 nominasse,

177 910 211 971 in
248 909 420 992 principio
456 910 687 973 exordiorum.
736 909 1252 992 quiaanostrisinitiummodo

176 1017 265 1078 Nam
282 1016 493 1099 principium
512 1018 621 1099 magis
635 1035 688 1098 ge·
736 1017 959 1099 significatur,
985 1016 1033 1079 illi
1059 1017 1142 1079 satis
1159 1017 1251 1080 clare

176 1123 291 1187 nerale
315 1129 376 1203 est,
400 1125 444 1188 ad
469 1125 589 1188 omnia
613 1144 686 1206 per·
734 1131 867 1207 partem
892 1126 983 1186 hane
1008 1144 1081 1186 esse
1103 1131 1181 1187 ante
1199 1125 1250 1186 in-

176 1229 300 1309 linens,
336 1231 467 1294 dictum
502 1252 521 1294 a
552 1252 622 1314 prae
659 1238 690 1294 et
736 1249 891 1312 gressum
916 1231 973 1311 rei,
990 1231 1032 1294 de
1049 1250 1118 1314 qua
1135 1231 1251 1294 dicen-

176 1337 290 1420 capio;
316 1339 416 1421 quasi
438 1339 550 1422 prima
567 1339 691 1422 captio,
740 1339 824 1401 dum
850 1339 904 1417 sit,
929 1339 1125 1402 ostendunt.
1161 1339 1250 1401 Nam

176 1445 399 1508 Prooemium
424 1466 522 1529 apro
539 1453 572 1510 et
588 1446 687 1530 οἶμος,
735 1447 807 1509 sive
833 1452 1023 1529 propterea,
1051 1445 1144 1528 quod
1175 1450 1250 1532 οἴμη

175 1551 294 1638 otperth
319 1555 378 1636 qui
397 1554 567 1636 significat
584 1554 690 1631 viam,
737 1553 1251 1636 cantusestetoitharoedipau-

175 1680 215 1724 eo
248 1660 342 1743 quod
367 1660 410 1723 sit
434 1661 690 1743 praeambulum
737 1681 777 1724 ca
796 1661 1251 1744 illa,quaeantequamlegi-

176 1768 354 1851 quoddam
369 1767 413 1831 ad
427 1774 556 1831 ceteras
568 1769 691 1831 oratio·
738 1769 864 1831 timum
888 1775 1062 1831 certamen
1086 1768 1252 1831 inchoent

176 1876 230 1937 nis
254 1882 369 1958 partes
387 1875 621 1958 exponendas,
637 1876 690 1939 vel
738 1875 912 1939 emerendi
964 1875 1092 1940 favoris
1142 1877 1251 1956 gratia

175 2003 195 2044 a
219 2002 282 2065 pro
306 1990 339 2046 et
354 1987 440 2069 οἴμῃ,
458 1980 577 2070 οἴμηςῖ,
595 1983 689 2066 quod
737 1989 877 2062 canunt,
902 1983 1120 2065 prooemium
1137 1983 1248 2045 nomi-

67 2084 70 2089 ’
125 2161 128 2167 ,
175 2089 688 2173 latinesignifieatpraeludium,
736 2096 916 2169 naverunt,
941 2096 1092 2153 oratores
1110 2110 1250 2173 quoque

175 2196 242 2259 hoo
253 2203 304 2259 est
316 2197 479 2280 quaedam
492 2198 572 2260 ficta
584 2198 687 2261 citha·
735 2217 784 2278 ea,
799 2219 876 2280 quae
889 2198 1094 2286 priusquam
1105 2217 1248 2260 causam

175 2304 688 2368 rizatioattractatiocordarum
737 2305 960 2368 exordiantur
988 2305 1032 2367 ad
1060 2305 1248 2368 concilian-

175 2417 253 2474 ante
267 2431 383 2474 veram
396 2418 428 2475 et
443 2412 568 2476 seriam
583 2413 686 2476 melo·
735 2413 799 2475 dos
833 2412 898 2475 sibi
930 2411 1083 2474 iudicum
1110 2412 1247 2476 animos

175 2518 269 2581 diam
286 2519 478 2598 cantilenae,
491 2540 532 2582 ex
549 2540 618 2603 qua
635 2521 686 2583 in·
733 2520 1007 2602 praeloquuntur,
1043 2519 1163 2582 eadem
1188 2540 1246 2603 ap·

174 2625 685 2709 telligit<ur>,qualiscantilena
733 2627 917 2709 pellatione
953 2627 1143 2708 signarunt,
1177 2628 1247 2690 sive

176 2733 220 2795 sit
244 2733 368 2796 futura.
734 2734 1029 2818 quodoipovidem
1039 2735 1246 2798 Graeciviam

732 2841 917 2923 appellant,
954 2841 1001 2921 id,
1037 2842 1131 2924 quod
1167 2849 1246 2905 ante

731 2947 925 3030 ingressum
950 2949 998 3011 rei
1023 2949 1174 3030 ponitur,
1197 2949 1246 3012 sic

730 3074 853 3118 vocare
865 3061 915 3118 est
926 3055 1138 3118 institutum:
1157 3063 1245 3119 certe

730 3162 940 3244 prooemium
961 3170 1022 3243 est,
1040 3164 1133 3246 quod
1151 3164 1244 3246 apud

731 3269 880 3333 iudicem
925 3270 993 3334 dici
1039 3270 1243 3354 priusquam

731 3396 872 3440 causam
903 3378 1101 3459 cognoverit
1124 3379 1244 3461 prosit,

730 3483 920 3568 vitioseque
949 3485 984 3546 in
1010 3485 1138 3549 scholis
1163 3486 1243 3549 faci·

731 3612 820 3671 mus,
838 3592 932 3674 quod
950 3592 1091 3656 exordio
1109 3613 1244 3675 semper

730 3699 779 3761 sic
812 3699 943 3761 utimur
975 3699 1075 3783 quasi
1100 3719 1242 3763 oausam

730 3806 834 3869 iudex
858 3806 927 3868 iam
952 3807 1094 3870 noverit.

266 3928 276 3963 ¹
301 3938 468 4009 lrympnoS,
494 3938 604 4009 hymni
629 3939 658 3993 h.
707 3929 719 3965 ²
744 3938 858 4010 hymis,
883 3939 961 3993 himi
986 3940 1015 3994 h.
