2722 4252
665 209 705 269 1ss
729 241 772 250 ..

701 371 774 429 scat
797 364 907 428 oratio
932 371 964 428 et
982 365 1114 427 fortiori
1132 364 1213 428 sub-

700 473 863 554 iungatur
886 472 1018 555 aliquid
1040 471 1213 534 infirmius

701 618 743 625 —
752 617 792 624 -
807 579 972 660 -augeri
983 578 1076 641 enim
1088 579 1214 641 debent

701 687 878 751 sententiae
898 693 931 749 et
951 686 1168 768 insurgere-
1181 724 1213 731 -

701 832 743 840 -
774 796 835 857 Est
864 800 897 856 et
928 792 1016 855 alius
1048 794 1215 856 naturalis

701 902 786 965 ordo
811 907 849 964 ut
872 901 975 965 'viros
999 919 1040 963 ac
1056 900 1213 979 seminas,

701 1010 792 1072 diem
818 1028 858 1072 ac
882 1014 1030 1087 noctem,
1047 1013 1160 1070 ortum
1181 1014 1213 1070 et

701 1114 1213 1198 occasum'dicaspoliusquam

701 1230 898 1287 retrorsum.
911 1222 1081 1301 Quaedam
1093 1222 1213 1285 ordine

701 1337 895 1414 permutato
932 1331 1021 1392 fiunt
1051 1349 1212 1411 superva-

701 1436 1211 1518 cua,ut'iratrcsgemini':nam

701 1546 730 1608 si
774 1545 921 1626 'gemini'
966 1544 1213 1627 praecesserint,

702 1654 842 1715 ’iratres'
858 1652 984 1715 addere
1004 1671 1073 1714 non
1092 1658 1142 1714 est
1155 1671 1213 1712 ne-

700 1780 803 1824 cesse.

234 1867 327 1945 Quid
359 1886 472 1930 causae
501 1886 575 1930 esse
598 1874 774 1950 putamus,
799 1887 861 1931 cru
883 1868 987 1930 talem
1013 1867 1210 1947 discrepan-

142 1975 226 2037 tiam
245 1974 570 2057 deprehendamus?
595 1976 722 2038 Verum
740 1981 791 2039 est
808 1974 923 2038 medio
940 1975 1000 2037 illo
1013 1992 1087 2036 aevo
1102 1973 1210 2051 Quin-

142 2081 253 2144 tiliani
278 2081 407 2143 librum
425 2082 552 2163 saepius
569 2081 604 2143 iu
622 2088 807 2164 angustum
825 2087 983 2145 coactum
1002 2101 1107 2163 quam
1127 2080 1213 2142 inte-

141 2205 241 2270 grum
266 2188 462 2251 adhibitum
480 2208 569 2265 esse;
599 2209 746 2271 quaeres
764 2190 879 2252 sinon
897 2188 1027 2267 omnia,
1044 2201 1079 2250 at
1094 2193 1231 2261 tamen

143 2296 312 2359 nonnulla
337 2295 512 2359 declarare
535 2302 657 2378 potest.

152 2388 162 2397 ’
234 2403 395 2466 Martiam
429 2403 576 2486 Capellae
611 2404 738 2486 saepius
773 2404 903 2466 mentio
936 2404 984 2466 fit.
1033 2403 1147 2479 Quare
1170 2439 1212 2446 —

143 2512 236 2595 quod
278 2510 323 2573 ad
360 2530 413 2573 res
454 2511 596 2592 quidem
638 2512 827 2574 rhetoricas
864 2511 984 2574 attinet
1012 2547 1052 2555 -
1082 2514 1211 2571 certam

143 2618 409 2682 similitudinem
457 2618 566 2681 videri
605 2638 708 2700 posse
747 2618 876 2681 credas,
937 2619 979 2680 At
1018 2636 1087 2679 uon
1127 2615 1212 2679 vidi.

144 2726 361 2804 Quintiliano
409 2732 550 2808 excepto
600 2726 709 2789 Servii
753 2725 860 2788 solius
893 2725 998 2788 uerba
1038 2723 1213 2787 interdum

143 2834 179 2895 in
211 2833 353 2896 scholiis
385 2850 570 2914 agnoscere
599 2833 688 2896 licet.
737 2834 839 2895 Hunc
863 2838 979 2895 autem
1005 2833 1039 2894 in
1065 2830 1213 2911 Vergilio

143 2940 320 3003 laudando
345 2940 542 3003 adhibitum
568 2959 650 3004 esse¹
667 2941 835 3023 exempla,
859 2939 973 3018 credo,
999 2939 1213 3001 demonstra-

142 3046 265 3110 bunt:l
1044 3095 1050 3113 .

188 3153 309 3239 1,1§1
332 3153 483 3217 libentius
501 3154 533 3216 in
544 3154 652 3236 philo·
745 3156 803 3235 Vg.
828 3155 884 3217 Ge.
905 3154 947 3228 ΙΙ,
964 3155 1038 3216 490.
1076 3152 1213 3216 Servius

142 3262 261 3344 sophia
287 3261 444 3344 [morali]
464 3264 654 3325 --Ter·
702 3262 746 3325 ad
783 3263 878 3324 hunc
914 3261 1045 3324 locum:
1088 3260 1213 3322 'rerum

141 3370 190 3432 tia
207 3376 258 3433 est
275 3369 497 3452 philosophia
518 3376 655 3432 natura·
703 3369 835 3432 causas'
876 3369 912 3432 id
948 3375 998 3431 est
1033 3367 1214 3452 physicam

143 3478 195 3557 lis,
210 3499 287 3561 quae
300 3477 444 3561 physica
458 3477 593 3556 dicitur,
608 3478 654 3539 la·
700 3477 970 3560 philosophiam.

142 3585 212 3648 tine
237 3585 453 3668 appellamus
476 3585 656 3648 historiam

234 3817 245 3853 1
271 3826 326 3881 His
351 3826 544 3881 editionibus
566 3831 650 3881 utor:
667 3826 755 3896 Verg.
771 3826 818 3880 ed.
838 3823 978 3879 Ribbeck
995 3815 1090 3898 (Lips.
1110 3821 1214 3877 1859-

139 3912 201 3985 68),·
224 3917 310 3971 Serv,
337 3915 375 3970 ed
399 3916 492 3971 Thilo
517 3917 541 3971 ἃ
567 3917 673 3985 Hagen
699 3904 794 3993 (Lips.
819 3913 889 3970 1878
913 3911 989 3984 sqq).
