2716 4254
598 179 774 249 „30-

279 347 308 399 H
316 351 378 399 ΡΒ.
714 350 742 398 li.

142 440 350 491 Sententiarum
361 439 511 488 exornatio.
542 441 582 488 De
600 440 804 489 sententiarum
824 452 905 487 orna-

577 723 641 757 rum
661 708 696 758 de
714 711 815 756 ornatu
835 722 896 755 sen-

577 798 740 847 tentiarum.

943 884 1120 933 Distributio.

542 976 914 1026 Licentiacolorrhetoricus.
944 974 1090 1022 Licentia.v

543 1067 700 1116 Diminutio
724 1068 801 1116 color
822 1066 914 1115 rheto-
944 1063 1109 1113 Diminutio.

578 1157 659 1206 ricus.

543 1247 625 1296 Color
644 1246 803 1309 descriptio.
944 1243 1106 1305 Descriptio.

543 1337 656 1386 Divisio.
1050 1349 1082 1374 =
1095 1332 1122 1382 h.

544 1425 741 1489 Frequentatio
760 1423 844 1475 colo'r.
944 1422 1152 1486 Frequentatio.

544 1515 683 1578 Expolitio
702 1515 785 1563 color.
944 1512 1095 1574 Expolicio.
1147 1579 1150 1583 1

142 976 275 1026 Licentia.
357 1004 360 1009 ‹

142 1068 181 1115 De
200 1065 401 1115 deminutione.

142 1247 181 1294 De
200 1244 397 1308 descriptione.

142 1337 181 1384 De
201 1334 346 1384 divisione.

142 1424 350 1487 Frequentatio.

141 1513 290 1578 Expulitio.

46 1667 49 1672 ¹
142 1602 273 1665 Simplex

142 1691 231 1741 Ratio.

142 1781 273 1844 Simplex.

143 1870 332 1920 Contrarium

143 1960 247 2010 Simile.

142 2049 318 2112 Exemplum.

142 2139 298 2189 Conclusio.

142 2227 330 2280 Conmoratio.
543 2228 703 2277 Comoratio
722 2227 806 2275 color.
944 2225 1143 2274 Commoratio.

141 2318 298 2367 Contentio.
543 2317 692 2367 Contentio
711 2317 855 2365 orationis.
944 2315 1102 2364 Contentio.

543 2405 705 2457 Similitudo
723 2405 807 2454 color.
944 2403 1112 2453 Similitudo.
1182 2467 1187 2475 Ι

141 2497 316 2560 Exemplum.
543 2496 718 2560 Exemplum.
1052 2510 1084 2535 =
1096 2493 1123 2541 h.

140 2586 234 2651 imago
254 2587 348 2636 simili.
542 2586 646 2649 Ymago
665 2585 749 2635 color.
945 2584 1040 2647 Imago
1059 2582 1171 2632 similis·

141 2675 263 2725 Effectio.
544 2676 658 2724 Effectio
677 2674 760 2724 color.
945 2673 1067 2721 Effeetio

141 2766 260 2814 Notatio.
543 2761 690 2814 Narratiol
708 2765 852 2813 orationis.
946 2763 1096 2812 Notatio..

141 2854 350 2904 Sermocinatio.
543 2854 746 2903 Sermoclnatio
765 2854 849 2903 color.
945 2851 1156 2902 sermocinatio.

141 2937 359 2995 Conformntio.¹
543 2943 735 2992 Conformatio
754 2945 838 2993 color
929 2935 1153 3019 Confirmati0.¹

140 3033 318 3097 significatio.
543 3033 713 3097 significatio
725 3034 801 3081 color
814 3033 915 3081 oratio-
929 3022 931 3155 4
945 3031 1124 3095 Significatio.
1204 3033 1207 3037 '

578 3124 630 3171 nis

141 3211 274 3262 Brevitas.
376 3219 380 3226 '
543 3213 582 3260 De
601 3212 746 3261 brevitate.

141 3302 357 3350 Demonstratio.
543 3302 582 3350 De
601 3301 849 3350 demonstratione.

543 3391 675 3455 Epilogus
694 3390 768 3440 libri.
930 3390 932 3456 l

577 530 662 579 tibus

543 619 645 682 lncipit
664 622 800 668 tractatus
819 618 891 667 colo-

232 3585 240 3614 ¹
263 3590 348 3638 Error
368 3591 541 3639 manifestus.

231 3783 536 3868 Comparationem
570 3791 608 3847 ut
640 3803 838 3868 persequar,
867 3781 1013 3844 rubricae
1047 3778 1210 3863 quaedam

137 3893 300 3956 codicum
328 3893 359 3956 H
371 3893 436 3955 PB
461 3890 550 3978 (quae
574 3892 610 3954 in
635 3892 659 3954 h
684 3910 754 3953 non
781 3889 909 3953 eaedem
934 3885 1104 3972 leguntur)
1128 3905 1211 3953 cum
