2716 4254
594 201 771 262 ..83-

144 383 224 425 nern
259 361 414 440 Caesaris
449 361 508 444 qui
543 360 692 423 multum
726 360 889 441 diligebat
912 361 1062 424 laudem.
1111 361 1154 424 Et
1176 359 1212 423 in

142 468 308 532 omnibus
341 467 558 532 orationibus
587 467 922 550 reconciliandisque
946 468 1103 550 personis
1127 488 1212 551 prae-

143 577 234 639 valet
269 575 364 640 oolor
397 576 469 638 iste.
517 576 565 638 Ao
600 574 795 657 frequenter
829 575 873 638 ad
909 575 1212 639 mansuetudinem

143 683 287 763 reducit,
312 683 394 764 quia
418 681 498 745 inde
520 683 703 745 emanebat
719 681 770 745 vis
787 682 1032 764 persuasionis
1049 682 1211 747 dicendo:

144 790 186 854 Ὀ
212 791 337 870 Caesar,
362 791 487 869 Caesar,
522 790 582 871 qui
617 789 705 853 nihil
738 789 952 853 oblivisceris
976 789 1043 852 nisi
1068 790 1213 854 iniurias

141 898 205 961 tibi
230 896 382 960 illatas'.1
428 897 531 975 Quod
556 896 702 960 humani
727 895 881 960 hominis
905 902 956 959 est
973 897 1050 977 hoo,
1067 897 1212 961 iniurias

144 1005 312 1068 oblivisci.
361 1005 513 1069 Ornatus
549 1011 599 1068 est
635 1023 761 1082 rerum,
797 1023 868 1066 non
903 1004 1097 1084 verborum,
1130 1005 1212 1086 quia

144 1112 197 1175 vis
234 1112 293 1175 illa
317 1111 423 1175 totius
447 1130 561 1174 causae
585 1131 638 1175 res
662 1117 726 1187 est3
752 1116 784 1174 et
808 1111 843 1173 in
869 1130 920 1190 eo,
944 1110 1038 1192 quod
1062 1118 1133 1174 tarn
1159 1131 1212 1175 or·

144 1225 223 1282 nate
248 1217 375 1282 dicitur
398 1225 431 1280 et
454 1218 661 1300 persuadere
686 1218 846 1298 creditur,
871 1225 922 1281 est
938 1218 1084 1300 pulchra
1101 1219 1212 1283 oratio

142 1333 175 1389 et
198 1326 325 1389 dicitur
348 1332 490 1389 ornatus
515 1326 774 1389 sententiarum.
812 1327 855 1388 Et
878 1325 992 1388 differt
1014 1325 1059 1388 ab
1083 1326 1211 1408 expoli-

141 1433 246 1512 tione,
270 1433 353 1516 quia
377 1433 425 1496 ibi
455 1453 525 1496 non
554 1432 646 1496 idem
672 1433 803 1497 eisdem
824 1433 939 1497 verbis
956 1433 1130 1516 repetitur,
1154 1433 1212 1496 hio
1299 1428 1301 1432 ’

141 1546 231 1604 certe
260 1540 392 1604 eisdem
417 1540 532 1604 verbis
561 1540 751 1624 aliquando
776 1540 869 1604 idern
898 1540 1071 1623 repetitur.
1128 1541 1213 1603 Item

141 1646 189 1709 ibi
225 1647 267 1710 ad
303 1647 543 1711 firmissimum
575 1667 646 1712 non
670 1648 861 1727 revertitur,
885 1647 945 1711 sed
969 1647 1115 1711 eandem
1141 1667 1212 1711 rem

141 1754 286 1819 diversis
301 1754 414 1817 modis
434 1761 493 1817 aut
509 1755 551 1817 de
568 1755 689 1818 eadem
707 1775 742 1818 re
759 1755 903 1819 diversis
921 1754 1035 1818 modis
1052 1754 1212 1818 dicimus.
1263 1748 1265 1752 '

233 1862 287 1937 1v,
312 1864 354 1924 45
378 1861 401 1944 ξ
421 1865 463 1926 58
489 1863 562 1925 Non
585 1860 696 1943 <enirn
706 1862 843 1944 >datur
856 1866 998 1944 potestas
1019 1861 1173 1941 (ιιιάίἰονί,
1191 1862 1212 1924 i.

141 1989 168 2031 e.
193 1968 332 2032 auditor
355 1989 426 2033 non
450 1975 562 2052 potest
586 1990 621 2032 se
645 1969 822 2033 dimovere
846 1988 866 2031 a
890 1968 1092 2032 firmissimo
1114 1986 1212 2050 argu-

141 2081 272 2152 ment03
299 2076 415 2159 itaque
438 2076 619 2160 proprium
644 2083 695 2140 est
718 2075 864 2140 oratoris
881 2075 917 2138 in
934 2095 975 2140 eo
991 2076 1211 2140 commorari.

138 2182 246 2245 Aiunt
276 2183 405 2266 qnippe
430 2184 611 2264 Caesarem,
637 2203 717 2247 oum
743 2183 861 2247 Cicero
885 2189 1045 2247 oraturus
1067 2203 1132 2272 pro
1159 2183 1212 2247 Li·

139 2289 235 2370 gario
259 2289 420 2370 venisset,
445 2290 572 2354 dixisse
597 2310 738 2374 quoquo
762 2296 864 2373 pacto
885 2310 921 2353 se
937 2289 1134 2354 occisorum
1158 2290 1212 2352 Li·

140 2396 285 2478 garium.
334 2397 400 2461 Sed
433 2418 513 2461 cnm
548 2397 667 2463 Cicero
701 2397 762 2460 din
795 2397 831 2459 in
860 2396 1042 2460 clementia
1067 2397 1212 2460 Caesaris

140 2510 256 2584 staret,
281 2523 351 2567 non
377 2505 530 2588 potuisse
555 2505 726 2568 Caesarem
751 2505 787 2567 in
805 2524 868 2569 suo
886 2503 1064 2587 proposito
1081 2522 1213 2586 perma-

140 2606 248 2673 nere.²

232 2753 287 2833 IV,
312 2756 354 2817 45
378 2755 400 2837 ᾗ
424 2757 467 2817 58
493 2750 681 2818 contentio³
701 2751 871 2826 ’Λντίθεσις
892 2761 943 2818 est
966 2755 1062 2817 color
1077 2760 1212 2817 senten-

140 2861 278 2923 tiarum.
312 2860 412 2924 Unde
436 2861 610 2925 contentio
627 2867 679 2923 est
694 2862 945 2925 contrariarum
963 2861 1211 2925 sententiarum

141 2966 341 3049 assignatio,
359 2968 380 3030 i.
398 2987 426 3031 e.
444 2968 697 3032 contrariorum
715 2969 897 3032 contrariis
914 2969 1111 3051 assignatio.
1146 2969 1212 3032 Iste

139 3073 234 3137 enirn
270 3075 365 3138 color
399 3075 490 3138 valet
524 3075 560 3138 in
593 3076 688 3155 gravi
720 3076 829 3156 figura
854 3082 886 3138 et
910 3076 946 3138 in
970 3076 1066 3139 omni
1091 3093 1212 3158 genere

140 3199 266 3262 causae,
290 3181 326 3244 in
351 3182 615 3245 confirmatione
640 3189 671 3245 ot
692 3182 968 3265 reprehensione.
1003 3184 1044 3246 Et
1062 3184 1211 3247 multum

139 3288 231 3352 valet
254 3287 290 3351 in
312 3288 608 3368 exornationihus,
625 3289 713 3353 siout
729 3290 919 3354 habuimus
936 3290 970 3353 in
989 3291 1211 3354 exornatione

140 3401 330 3479 postren103
365 3402 397 3458 et
425 3402 569 3461 vocatur
592 3397 816 3477 contrarium,
841 3397 901 3460 sed
926 3397 1024 3462 aliter
1047 3403 1080 3460 et
1103 3397 1211 3477 aliter,

144 3502 226 3584 quia
251 3503 464 3567 contrarium
488 3503 524 3566 in
548 3503 724 3567 coloribus
748 3504 945 3583 verborum,
963 3504 1022 3567 ubi
1040 3504 1211 3568 contraria

194 3648 197 3652 -
220 3647 609 3655 *φφ-..ωψ-μ-υμ
634 3650 663 3654 .-,
676 3649 737 3655 -,,..-..
765 3651 785 3654 r-
796 3651 802 3654 .
813 3649 865 3654 .-...
914 3649 918 3654 .
944 3649 994 3654 ......
1013 3651 1022 3654 .,
1037 3649 1101 3654 μ...-
1113 3649 1210 3655 ...mm-..-

234 3734 244 3773 1
270 3742 331 3797 Cio.
366 3757 424 3814 pro
450 3742 574 3813 Ligario
600 3744 633 3798 12
657 3743 675 3809 ᾖ
697 3743 744 3798 35:
770 3741 914 3798 oblivisci
940 3741 1018 3797 nihil
1043 3741 1126 3798 soles
1151 3743 1211 3798 nisi

139 3829 281 3887 iniurias
345 3820 424 3886 ‘²Cs.
463 3832 629 3901 Plutarch„
654 3832 716 3887 Cio.
742 3833 784 3887 39.
831 3823 911 3887 ³Cf.
937 3832 984 3902 IV,
1009 3833 1043 3887 15
1068 3832 1085 3900 ἓ
1107 3833 1155 3900 21;
1178 3833 1211 3888 18

112 3958 113 3961 =
139 3920 157 3988 ἐ
181 3919 230 3989 25;
254 3919 288 3976 34
313 3921 330 3988 ἓ
352 3922 395 3976 46.
