2716 4254
520 219 564 225 -,-
589 185 697 243 79..

68 348 98 410 si
124 346 256 428 aliquid
281 346 412 408 factum
439 343 551 422 luerit,
576 341 661 424 quid
685 359 725 402 ex
743 357 783 400 eo
800 340 1069 400 c'onsecuturum
1087 334 1142 413 sit,

66 453 296 518 ostendimus

159 669 215 747 lV,
239 669 284 741 39>
305 665 327 751 ξ
351 669 390 729 51
417 664 502 728 sr‘cut
524 665 574 726 leo
597 659 828 745 ferocissimus·
843 659 973 723 habent
997 655 1140 740 quidam

67 775 159 855 libri,
184 774 266 856 quia
290 774 407 836 leones
433 778 514 835 sunt
539 768 723 834 ferociores
747 767 833 831 aliis.

159 881 220 944 Vel
244 879 391 959 emissus,
415 879 509 960 quod
535 878 669 941 melius.

161 1095 217 1175 lV,
242 1097 285 1158 39
308 1092 330 1177 ξ
354 1097 393 1156 51
422 1094 534 1167 Nemo,
561 1090 682 1154 iudices
707 1091 782 1153 Hoc
806 1107 877 1151 non
894 1092 945 1149 est
960 1086 1003 1148 de
1020 1085 1144 1164 colore,

70 1203 132 1266 sed
156 1202 297 1265 additur
320 1200 364 1295 ad
389 1199 633 1282 perfectionem
659 1195 847 1261 sententiae.

165 1417 221 1497 lV,
245 1419 287 1479 40
304 1414 326 1499 ξ
343 1418 384 1479 53
409 1413 535 1478 Diuisio
559 1418 604 1476 est
620 1433 695 1496 quoe
711 1413 826 1496 Graece
844 1405 1146 1492 (1ἰοὶῑιιι·ὃιοιῲεσιςι

71 1524 125 1588 vel
151 1520 255 1589 *aad
281 1523 324 1585 Et
348 1523 386 1585 fit
409 1540 490 1585 cum
507 1520 655 1584 facimus
670 1517 682 1554 ³
698 1517 972 1602 propositionem
996 1515 1145 1578 duarum

72 1651 189 1695 rerum
222 1637 255 1693 et
287 1630 405 1693 statim
429 1624 667 1712 subicilalmus
691 1626 862 1690 rationem
892 1624 1084 1707 utriusque,
1109 1629 1147 1684 ut

72 1737 244 1820 Vergilius
269 1737 311 1800 de
337 1738 479 1801 Creusa:
506 1735 541 1800 si
566 1755 664 1817 spem
681 1734 784 1816 ponis
801 1733 838 1795 in
855 1731 963 1795 armis
980 1728 1060 1795 etc}
1091 1730 1147 1794 Sic

73 1845 294 1908 describitur:
320 1843 453 1907 Divisio
478 1849 528 1906 est
552 1842 669 1924 aliqua
686 1859 721 1904 re
738 1840 782 1903 ab
800 1839 877 1902 aliis
895 1841 1051 1903 seiuncta
1064 1837 1146 1900 utri-

74 1971 185 2034 usque
221 1950 334 2014 brevis
370 1955 403 2013 et
435 1949 595 2013 absoluta
629 1948 810 2028 subiectio,
840 1947 861 2010 i.
887 1967 915 2010 e.
941 1945 1067 2010 divisio
1099 1950 1149 2007 est

74 2057 251 2122 distinctio
276 2057 424 2121 alicuius
448 2057 496 2120 rei
521 2056 565 2119 ab
590 2055 707 2137 aliqua
729 2075 765 2118 re
787 2060 847 2117 aut
862 2074 923 2137 per
939 2052 1148 2136 complexio-

75 2185 155 2228 nem
195 2171 255 2227 aut
289 2185 351 2247 per
386 2163 699 2238 enumerationem;
730 2162 831 2245 quasi
861 2162 999 2242 diceret,
1024 2159 1149 2223 divisio

76 2279 127 2336 est
159 2272 308 2336 duarum
347 2291 461 2334 rerum
487 2277 547 2334 aut
570 2270 724 2352 plurium
749 2270 785 2332 iu
819 2288 925 2333 causa
951 2267 1149 2348 disiunctio,

75 2386 114 2441 ut
149 2378 230 2442 inde
266 2377 398 2461 aliquid
423 2411 438 2444 a
459 2411 473 2443 a
498 2383 558 2441 aut
592 2396 653 2460 per
687 2377 976 2458 complexionem,
1001 2376 1064 2439 sic:
1091 2381 1151 2437 aut

75 2486 207 2568 probus
232 2492 283 2548 est
306 2492 366 2548 aut
390 2484 582 2568 improbus
616 2484 651 2547 si
675 2483 806 2566 probus
831 2490 892 2564 est,
910 2503 972 2547 cur
987 2487 1152 2547 accusas‘?

76 2593 159 2675 quia
184 2612 256 2655 non
280 2599 331 2656 est
355 2591 574 2656 accusandus
599 2610 662 2654 nec
686 2591 811 2655 meruit
836 2591 1002 2655 accusari.
1035 2589 1070 2654 si
1087 2589 1150 2652 im-

77 2700 220 2782 probus,
245 2720 307 2763 cur
330 2699 456 2763 uteris‘?
481 2719 544 2762 nec
566 2705 617 2762 est
633 2698 864 2779 accusandus
881 2699 964 2781 quia
981 2697 1062 2761 inde
1079 2716 1150 2760 non

77 2803 263 2870 movetur.5
310 2808 353 2869 Et
385 2806 512 2869 dicitur
535 2806 580 2869 ab
604 2805 759 2893 antiquis
781 2805 1003 2888 syllogismus
1027 2824 1151 2868 cornu-

77 2921 148 2991 tus3
174 2920 207 2977 et
230 2921 374 2977 vocatur
397 2913 455 2976 hic
480 2913 617 2989 divisio,
642 2913 837 2999 complexio
854 2913 908 2976 rel
925 2911 1152 2991 enumeratio,

78 3021 115 3084 in
140 3041 210 3105 qua
234 3021 422 3103 unicuique
447 3021 536 3102 parti
560 3021 663 3083 datur
686 3039 749 3083 sua
774 3020 871 3086 ratio.
920 3019 1013 3098 Quid
1036 3025 1152 3082 autem

79 3127 124 3191 sit
147 3129 318 3192 rhetorica
339 3127 545 3210 complexio,
562 3127 708 3191 habetis,
741 3121 863 3189 Differt
879 3133 994 3190 autem
1012 3147 1033 3190 a
1049 3125 1153 3209 parti-

79 3235 184 3316 tione,
209 3255 286 3317 quae
311 3241 362 3298 est
386 3254 457 3298 una
481 3254 561 3317 pars
584 3233 766 3297 rhetoricae
790 3253 840 3311 eo,
858 3234 952 3316 quod
977 3234 1025 3297 ibi
1050 3252 1153 3315 expo-

83 3431 318 3440 --.-...,..--
327 3432 383 3438 --—-
394 3433 411 3438 -
423 3433 624 3439 ----.-.-———-
643 3434 757 3439 ——·-—
787 3434 884 3439 —----

173 3536 348 3616 ¹dyeresis
373 3544 403 3599 h.
452 3535 633 3615 ²dyadena
667 3546 697 3600 h.
746 3535 901 3599 3scimus
926 3544 955 3599 h.
1004 3535 1090 3600 4Αο.
1116 3546 1155 3614 ΙΙ,

81 3639 239 3704 elo—6773
271 3633 309 3688 cl.
334 3649 432 3706 supra
457 3649 485 3705 p.
510 3633 552 3688 21.
602 3623 682 3689 ⁵Ci.
708 3633 769 3688 Cic.
804 3633 843 3689 de
874 3633 935 3690 inv.
961 3634 983 3702 l,
1012 3633 1047 3689 29
1071 3633 1088 3701 ξ
1111 3635 1154 3689 45;

81 3722 265 3795 complexio
299 3726 355 3792 est,
379 3721 412 3778 in
442 3738 514 3794 qua,
539 3727 645 3779 utrum
674 3716 878 3792 concesseris
903 3722 1155 3794 reprehenditur,

81 3812 122 3868 ad
145 3813 232 3868 hunc
255 3811 400 3868 modum:
426 3811 467 3866 ’Si
492 3812 659 3885 improbus
683 3817 738 3881 est,
762 3813 825 3867 cur
843 3812 959 3868 uteris?
983 3811 1009 3868 sl
1027 3812 1156 3884 probus,

81 3917 140 3957 cur
164 3903 330 3957 accusas‘l'.
