2716 4254
596 208 773 266 -62-

150 354 322 444 principio
346 363 399 425 vel
424 363 459 424 in
486 364 563 443 line,
581 384 652 427 non
676 371 792 428 autem
817 367 853 429 in
880 368 1006 448 medio,
1024 370 1120 432 sicut
1145 390 1225 434 con-

150 469 291 532 iunctio.
345 468 531 533 Adiunctio
561 477 677 534 autem
709 479 759 535 est
792 473 837 535 ad
870 477 1224 557 comprehensionem

149 575 297 639 alicuius
330 574 497 639 orationis
530 583 590 640 aut
623 579 659 640 in
689 579 861 663 principio
885 588 945 644 aut
968 582 1005 644 in
1029 583 1101 646 fine
1127 585 1224 648 verbi

149 683 287 765 positio.
302 720 335 727 —-
349 721 382 727 —
397 720 428 728 —

239 827 294 904 lV,
320 829 360 888 27
385 824 466 910 §38
491 829 537 890 ad
553 828 740 891 breuitatem
757 831 917 912 apposita
934 838 993 894 est.
1020 831 1221 898 coniunctio.

149 933 217 1011 Qui
251 934 324 996 vult
357 935 453 1016 loqui
486 935 645 1014 breviter,
675 942 791 999 utatur
818 939 885 1000 hoc
908 939 1033 1018 colore,
1060 941 1128 1003 sub
1154 962 1221 1024 qua

148 1041 350 1122 intelligitur
373 1047 405 1104 et
428 1042 617 1121 adiunctio,
642 1044 724 1124 quia
743 1063 813 1106 uuo
828 1050 965 1107 tantum
981 1046 1089 1109 verbo
1106 1048 1221 1111 ambae

147 1148 414 1228 concluduntur,
439 1149 499 1212 sed
524 1169 593 1212 una
618 1169 637 1212 a
663 1151 789 1230 medio,
813 1152 919 1214 altera
935 1171 955 1214 a
972 1152 1150 1237 principio
1169 1157 1220 1219 vel

147 1256 226 1319 line.

238 1415 293 1494 lv,
310 1402 352 1476 28
368 1397 390 1482 ξ
407 1401 449 1462 38
468 1399 718 1483 Conduplicutr‘o
734 1400 861 1463 dicitur
877 1398 1108 1480 οἶναὸίπλωσις
1133 1405 1196 1444 *Μ
1211 1405 1220 1440 ¹

149 1500 169 1562 ‚i
194 1519 221 1566 e.
247 1505 397 1588 duplico.
446 1507 507 1570 Est
540 1514 656 1570 autem
680 1507 938 1589 conduplicatio
964 1527 1070 1572 causa
1095 1513 1219 1595 ampli-

146 1608 318 1674 ficationis
343 1614 396 1676 vel
420 1615 735 1678 commiserationis
760 1614 864 1677 unius
889 1621 949 1676 aut
972 1616 1126 1698 plurium
1147 1640 1220 1683 ver-

144 1716 269 1780 borum
296 1719 441 1798 iteratio,
466 1721 487 1784 i.
514 1741 540 1783 e.
566 1721 752 1802 geminatio
777 1741 858 1784 cum
883 1722 1026 1803 ratione,
1051 1723 1073 1787 i.
1099 1745 1128 1788 e.
1153 1728 1219 1791 hac

145 1824 336 1890 intentione
372 1828 473 1908 facta,
507 1835 543 1890 ut
568 1828 612 1890 ad
636 1821 910 1910 indignationem
936 1836 996 1892 aut
1020 1830 1216 1897 misericor-

144 1933 240 1996 diam
284 1936 397 1998 ducat.
446 1936 488 1998 Et
533 1937 627 1999 color
673 1936 735 1998 iste
775 1937 864 1998 valet
898 1937 1013 2017 generi
1048 1937 1219 2023 iudiciali,

145 2042 296 2105 maxime
330 2043 491 2106 convenit
519 2044 556 2106 in
585 2042 849 2106 confirmatione
873 2049 906 2105 et
929 2045 1201 2125 reprehensione
1211 2073 1219 2127 ;

143 2148 247 2210 etiarn
273 2151 362 2212 valet
387 2151 429 2212 ad
455 2150 763 2232 amplificationem
788 2155 847 2211 aut
863 2151 1219 2236 commiserationem,

143 2262 175 2317 et
199 2256 329 2339 ubique
353 2258 515 2321 convenit
538 2257 774 2339 amplificatio.
823 2257 944 2320 Differt
968 2278 987 2320 a
1011 2260 1218 2342 repetitione

144 2368 176 2425 et
208 2366 433 2428 conversione
469 2372 500 2428 et
534 2365 784 2447 complexione,
818 2365 901 2446 quia
933 2365 982 2426 ibi
1006 2365 1042 2427 in
1068 2367 1217 2434 diversis

143 2471 308 2535 clausulis
341 2473 487 2535 verbum
519 2472 682 2556 repetitur
715 2478 747 2534 et
781 2472 891 2534 multa
930 2471 1216 2559 interponuntur,

141 2577 198 2640 hic
221 2599 302 2643 vero
327 2580 365 2642 fit
389 2567 544 2662 repetitio
569 2581 605 2642 in
630 2579 749 2642 eadem
775 2579 931 2641 oratioue
955 2585 987 2642 et
1004 2580 1093 2643 nihil
1110 2582 1217 2647 inter·

143 2686 293 2768 ponitur.
341 2688 411 2750 Nec
445 2687 581 2751 videtur
605 2706 679 2750 esse
703 2686 885 2766 traducti0,
910 2686 992 2769 quia
1016 2687 1052 2748 in
1077 2690 1214 2754 traduc-

142 2793 235 2857 tione
259 2800 310 2857 est
333 2796 452 2859 crebra
476 2795 643 2878 repetiti0,
666 2794 724 2857 hic
747 2812 827 2857 vero
853 2813 933 2855 non.
958 2830 1002 2838 —
1026 2831 1069 2838 —
1093 2832 1139 2840 —-

230 2940 285 3015 lV,
310 2941 352 3002 28
376 2937 398 3022 ξ
421 2941 464 3002 38
493 2937 719 3021 Interpretulio
754 2937 880 2999 dicitur
912 2936 956 2998 ab
993 2936 1213 3020 interpretor,

140 3047 246 3109 -taris
295 3048 356 3109 Est
389 3053 504 3109 autem
540 3045 774 3127 interpretatio
810 3062 873 3126 pro
907 3044 966 3122 eis,
996 3063 1073 3125 quae
1098 3045 1213 3125 posita

140 3160 231 3234 sunt,
267 3154 415 3216 aliorum
450 3154 645 3233 verborum,
680 3173 757 3234 quac
782 3151 874 3213 idem
900 3151 1212 3233 valeant-positio

140 3260 160 3324 i.
186 3281 213 3324 e.
239 3261 386 3324 alicuius
419 3261 515 3324 verbi
549 3266 608 3322 aut
640 3260 807 3322 orationis
840 3279 901 3340 per
934 3258 1029 3320 aliud
1063 3259 1219 3329 verbum,

138 3369 262 3432 novius
287 3374 347 3430 aut
370 3368 473 3430 aliam
500 3367 691 3430 orationem
717 3365 1135 3447 intelligibilioren1,quae
1161 3366 1211 3428 illi

137 3476 367 3559 aequipolleat,
392 3475 577 3557 expositio;
603 3474 703 3557 quasi
721 3474 860 3536 diceret:
903 3471 1141 3553 Interpretatio
1159 3479 1210 3535 est

137 3584 305 3666 expositio
330 3583 488 3663 alicuiuS,
514 3582 607 3665 quod
632 3582 763 3644 dictum
789 3586 850 3660 est,
874 3600 935 3662 per
951 3579 1056 3641 verba
1073 3578 1208 3660 aptiora

137 3697 170 3753 et
202 3691 312 3772 magis
346 3689 582 3772 intelligibilia.
631 3690 670 3750 ln
704 3688 858 3751 iudiciali
892 3705 1014 3768 genere
1039 3686 1144 3762 valet3
1171 3686 1207 3748 in

225 3907 235 3942 ¹
258 3915 300 3970 al)
323 3904 524 3975 α’ναδιπλόω
549 3909 753 3984 supplendum
779 3909 902 3965 videtur.
