2716 4254
586 236 614 242 —
655 202 763 260 73-

228 359 284 436 lV,
309 361 350 422 33
374 357 396 442 ξ
420 361 463 421 44
485 379 595 442 parua
620 359 659 421 de
679 364 776 442 porte
799 360 966 424 Ponendo
990 367 1123 443 partem
1147 380 1210 443 pro

138 472 222 545 toto,
251 465 341 528 sieut
370 471 474 548 caput
504 465 669 548 lepidum.
718 467 760 529 Et
784 467 851 530 hoo
875 467 956 531 iacit
980 467 1209 531 differentiam

139 570 184 634 ad
197 571 530 652 denominationem,
542 573 736 638 secundum
753 574 957 654 magistrum
975 574 1210 653 Theodorum,
1304 621 1306 626 -

139 678 221 761 quia
253 678 291 741 in
325 673 608 744 denominatione
637 701 678 744 ex
702 681 855 744 maxima
879 687 975 764 parte
999 680 1211 764 intelligitur,

138 786 197 849 hic
220 806 261 849 ex
285 806 402 869 parva.

231 931 287 1002 lv,
304 932 346 993 33
363 929 385 1014 ξ
401 932 443 994 45
461 930 586 994 Abusio
609 936 655 994 est
675 932 790 994 Graece
807 930 934 995 dieitur
949 931 1212 1019 aardxonoaeglssu

141 1036 234 1100 idem
266 1043 317 1100 est
346 1037 441 1120 quod
465 1038 600 1102 abutor.
647 1038 751 1102 Color
773 1037 865 1101 enim
891 1038 954 1101 iste
978 1039 1213 1103 indifferenter

140 1150 253 1226 potest
285 1145 379 1226 poni.
427 1146 470 1208 Et
503 1146 553 1209 sie
576 1144 797 1207 describitur:
821 1145 954 1209 Abusio
985 1153 1036 1210 est
1064 1145 1211 1209 alicuius

140 1251 236 1314 verbi
261 1271 302 1314 ex
327 1252 445 1334 aliqua
469 1251 696 1315 similitudine
720 1272 783 1334 pro
808 1258 899 1316 certo
921 1259 954 1317 et
969 1252 1110 1336 proprio
1127 1253 1211 1316 abu-

141 1358 215 1422 siva
239 1358 381 1441 positio;
407 1359 507 1442 quasi
531 1360 669 1439 diceret,
693 1359 816 1423 abusio
834 1367 885 1423 est
900 1367 1040 1443 propter
1056 1360 1208 1443 aliquam
1279 1422 1282 1427 .

141 1465 407 1529 similitudinem
436 1467 478 1530 de
512 1467 629 1548 aliqua
662 1486 696 1529 re
730 1465 774 1529 ad
805 1466 910 1530 aliam
935 1467 1076 1549 quando
1099 1473 1210 1530 trans-

80 1559 85 1573 '
139 1574 248 1636 fertur
280 1573 502 1652 vocabulum,
534 1594 580 1637 so.
606 1575 760 1654 abusive,
785 1575 806 1637 i.
832 1594 860 1637 e.
885 1581 1005 1638 contra
1029 1594 1142 1665 usum.
1168 1610 1212 1619 -—

138 1715 183 1728 „
208 1681 268 1743 Vel
303 1680 414 1743 aliter:
440 1681 571 1744 Abusio
596 1688 656 1761 est,
681 1702 761 1746 cum
786 1682 964 1764 loquimur
987 1689 1107 1746 eontra
1132 1702 1210 1746 con-

140 1794 278 1851 suetum
312 1794 345 1851 et
378 1788 571 1851 maximum
605 1808 709 1850 usum
743 1789 1006 1868 vocabulorum,
1036 1789 1128 1853 unde
1152 1810 1213 1872 per

140 1895 379 1958 excellentiam
404 1894 528 1958 abusio
552 1894 686 1957 dicitur.
720 1896 808 1958 Nam
830 1896 866 1959 in
884 1896 1124 1959 nominatione
1141 1915 1211 1958 non

140 2001 320 2084 loquimur
352 2008 471 2064 eontra
506 2001 657 2065 maxime
681 2009 887 2066 consuetum
911 2023 1027 2081 usum,
1051 2003 1212 2086 quamvis

140 2115 261 2172 contra
296 2130 413 2186 usum:
448 2108 530 2191 quia
561 2109 712 2173 maxime
741 2116 774 2173 et
798 2110 908 2191 magis
933 2109 1138 2173 inusitatum
1163 2116 1213 2172 est

141 2217 260 2299 'prava
285 2216 425 2279 statura’
451 2237 513 2299 pro
539 2216 666 2299 'parva’
692 2237 797 2299 quam
816 2217 941 2298 ’fragor
957 2213 1132 2280 civitatis’²
1149 2236 1211 2299 pro

140 2324 363 2387 ’commotio'.

234 2467 288 2547 lV,
314 2468 357 2528 34
380 2466 403 2549 ξ
425 2468 468 2528 45
498 2466 683 2529 l'runslolio
707 2502 750 2511 —
777 2503 816 2512 -
841 2485 948 2547 graece
973 2466 1109 2529 dicitur.
1147 2467 1213 2529 lste

140 2575 237 2638 color
260 2575 296 2636 in
321 2574 417 2636 omni
441 2575 563 2654 figura·
576 2580 689 2656 potest
705 2574 828 2652 valere,
845 2573 905 2636 sed
923 2573 1032 2652 magis
1050 2573 1085 2634 in
1102 2573 1212 2654 gravi3

141 2680 196 2744 vel
220 2681 493 2749 demonstrativo
517 2681 631 2763 generi
656 2700 769 2743 causae
794 2687 827 2743 et
853 2679 1077 2742 deliberativo
1103 2685 1215 2761 potest

141 2789 337 2852 convenire.
364 2789 426 2851 „ln
459 2788 724 2851 confirmatione
758 2794 790 2850 et
822 2787 1090 2869 reprehensione
1122 2793 1153 2849 et
1178 2785 1213 2848 in

141 2895 219 2959 aliis
248 2895 406 2980 partibus
431 2895 598 2958 orationis
622 2900 735 2977 potest
758 2893 852 2976 poni.
900 2893 955 2956 Fit
979 2900 1094 2956 autem
1120 2893 1215 2957 color

142 3003 206 3066 iste
239 3003 397 3086 pluribus
428 3002 552 3064 modis,
600 3003 643 3064 Et
666 3001 860 3064 seeundum
886 3001 963 3063 illos
989 3000 1112 3063 modos
1137 3019 1215 3062 eon·

142 3111 236 3174 venit
257 3109 402 3173 diversis
419 3110 513 3172 loois.
548 3111 609 3172 Est
624 3116 740 3173 autem
757 3108 938 3171 translatio
955 3109 1102 3171 alicuius
1118 3106 1202 3171 verb

143 3238 186 3281 ex
216 3218 355 3300 propria
387 3217 638 3298 significatione
664 3216 708 3279 ad
733 3215 836 3278 aliam
863 3214 1064 3278 translativa
1088 3213 1214 3297 positio

142 3345 184 3388 ex
209 3324 436 3387 similitudine
461 3324 589 3406 aliqua,
613 3344 659 3388 se.
677 3344 758 3387 cum
779 3323 984 3386 transfertur
1004 3320 1214 3384 vocabulum

144 3452 164 3494 a
189 3432 330 3514 propria
354 3431 606 3511 significatione
631 3431 674 3494 ad
700 3431 804 3493 aliam
830 3436 971 3512 propter
994 3427 1214 3491 manifestam

237 3715 466 3778 ¹camacrisis.
515 3723 707 3778 Calliaerisis
739 3723 821 3777 idem
847 3727 954 3792 rst—-;
982 3710 1215 3796 καιαχραόμαι

141 3815 226 3869 idem
253 3818 299 3868 est
324 3813 482 3882 leuandum
509 3812 633 3867 uidetur.

236 3892 248 3928 ²
273 3903 319 3970 lV,
343 3903 374 3956 31
402 3903 418 3969 ἐ
442 3903 483 3956 42.
