2716 4254
598 224 753 290 ᾖς),

141 405 230 468 mus,
255 404 335 450 cum
355 404 425 450 non
451 381 627 470 possimus
644 384 804 450 hocloco
822 381 894 448 nixi
912 382 953 448 de
970 387 1090 449 ceteris
1108 382 1209 469 quid·

140 515 246 578 quam
280 495 497 559 concludere.
545 495 645 557 Velut
679 513 759 557 cum
791 496 829 557 31
851 496 877 555 B
902 493 1121 557 Theodosius
1146 494 1209 556 im-

141 610 278 684 perator
311 609 615 680 commemoratur,
649 602 736 664 nihil
770 601 864 664 aliud
896 601 1078 681 efficimus,
1102 621 1209 684 quam

86 768 89 775 ,
141 716 178 771 ut
213 710 313 772 istius
348 703 415 773 loo‘i
451 709 670 773 terminum
707 716 800 791 post
835 729 952 792 quem
989 709 1208 771 habeamusl

133 816 244 893 ‘Quod
261 817 353 880 idem
368 816 463 879 iri-34
480 817 502 879 b
519 817 622 896 cadit,
639 817 699 879 ubi
717 816 869 897 Gregorii
887 816 1016 880 mentio
1034 814 1098 880 fit.2
1131 818 1208 880 Uno

141 923 217 986 loco
250 924 357 987 multo
388 924 588 1006 posterioris
620 924 729 986 aetatis
762 923 931 987 indicium
963 925 1049 987 vidi:
1088 928 1149 988 105
1181 926 1209 987 A

142 1031 242 1094 Laur.
267 1032 366 1094 Valla
390 1037 694 1095 commemoratur.
721 1031 786 1094 Sed
804 1030 887 1094 huic
904 1032 951 1093 rei
969 1051 1040 1094 non
1057 1032 1207 1094 nimium

140 1138 364 1201 tribuendum
389 1139 538 1215 videtur3
564 1139 732 1201 nimirum
750 1145 787 1200 ut
804 1131 943 1220 quaque
959 1145 1058 1202 aetate
1075 1139 1207 1202 addila-

69 1302 75 1312 .
140 1251 256 1307 menta
289 1246 371 1309 huic
404 1247 655 1310 commentario
690 1247 818 1309 inserta
851 1265 925 1309 esse
959 1245 1130 1325 videntur,
1162 1247 1210 1309 ita

141 1352 233 1414 illius
257 1354 423 1436 temporis
448 1354 610 1437 quaedam
635 1374 710 1417 esse
734 1359 890 1437 possunt.
990 1423 993 1430 .
1112 1345 1116 1352 ’

231 1459 304 1521 lam
329 1461 369 1540 si,
393 1460 493 1524 cuius
518 1461 651 1542 generis
677 1461 809 1525 scholia
834 1460 892 1524 illa
910 1444 989 1540 sint,
1006 1461 1207 1544 quaerimus,

140 1567 329 1630 maximam
359 1575 492 1651 partem
518 1575 716 1633 contextum
742 1568 920 1631 rhetoricae
945 1569 990 1631 ad
1016 1570 1094 1632 Her.
1124 1569 1207 1631 satis

137 1680 208 1736 arte
233 1682 416 1758 sequentes
441 1676 687 1759 explicationes
712 1682 802 1738 sunt.
835 1675 975 1739 Accedit
991 1676 1085 1758 quod
1103 1676 1207 1738 verba

138 1801 179 1843 ex
203 1782 340 1865 scriptis
365 1790 548 1846 auctorum
572 1783 761 1846 latinorum
786 1783 925 1866 copiose
949 1785 1150 1862 afferuntur,
1171 1788 1209 1845 ut

138 1887 292 1970 Vergilii³
309 1890 512 1974 saepissime,
527 1891 672 1969 Horatii,
686 1891 847 1969 Terentii,
860 1890 1002 1955 Lucani.
1026 1891 1093 1953 Alii
1107 1890 1207 1952 multi

139 1991 351 2078 (Ciceronem
372 2007 410 2060 ut
426 1996 597 2081 omittam)
614 2004 944 2076 commemorantur,
960 1998 1054 2060 velut
1071 1996 1206 2074 Quinti-

138 2102 262 2184 lianus,
271 2105 467 2186 SuetoniuS,
476 2106 658 2188 Ulpianus,
672 2106 882 2185 Priscianus
894 2105 1059 2185 Isidorus,
1069 2104 1206 2167 Martia-

137 2231 203 2273 nus
221 2210 388 2293 Capella.4
413 2215 546 2276 Horum
561 2213 799 2291 Quintilianus
814 2215 915 2294 longe
931 2212 1121 2295 saepissime
1135 2213 1204 2275 lau·

137 2318 239 2380 datur
251 2326 353 2402 atque
367 2321 411 2383 ab
425 2341 465 2385 eo
479 2320 547 2384 sere
561 2322 635 2384 solo
653 2321 753 2404 quasi
767 2320 939 2402 descripta
952 2319 1121 2382 nonnulla
1132 2338 1206 2381 esse

136 2425 170 2487 in
180 2426 322 2489 scholiis
332 2427 568 2491 demonstrare
576 2448 774 2511 possumus
790 2427 893 2505 Quod
902 2446 972 2510 quo
982 2426 1091 2507 magis
1101 2446 1204 2508 appa·

226 2583 237 2619 1
267 2593 392 2649 Codicis
426 2595 639 2650 Theodosiani
673 2599 835 2650 auctorem
870 2595 931 2650 hoc
964 2594 1035 2648 loco
1069 2592 1139 2663 dici,
1169 2609 1205 2648 ex

137 2687 283 2737 contextu
307 2683 478 2739 verisimile
503 2684 549 2739 fu:
570 2671 617 2739 'Et
634 2684 807 2754 sciendum,
825 2683 911 2755 quod
928 2683 1103 2755 antiquitus
1120 2682 1204 2754 apud

136 2771 297 2827 Romanos
329 2773 362 2827 iu
397 2773 534 2828 maximo
568 2774 696 2829 luerunt
724 2774 847 2829 honore
880 2774 1067 2844 interpretes
1091 2772 1204 2842 legum,

135 2860 210 2932 quia
244 2878 307 2917 non
338 2862 572 2935 recipiebantur
605 2864 645 2918 ab
679 2864 723 2919 eis
755 2863 815 2919 nisi
844 2863 903 2918 viri
928 2861 1148 2933 perfectissimi
1172 2862 1204 2916 in

135 2951 284 3006 omnibus
309 2952 429 3007 artibus
454 2957 483 3007 et
506 2952 539 3007 in
564 2953 712 3008 omnibus
737 2952 886 3008 scientiis,
926 2951 1125 3007 Theodosius
1150 2951 1205 3005 im-

135 3044 264 3111 perator
286 3040 345 3095 fuit
368 3042 525 3112 interpres
549 3042 652 3112 legum
678 3047 708 3097 et
732 3041 785 3096 alii
810 3040 917 3096 multi’.

226 3119 356 3185 ²'Sicut
390 3131 522 3186 Sanctus
556 3132 725 3202 Gregorius
759 3130 845 3186 dedit
874 3131 1034 3186 decretum
1059 3129 1203 3200 AngliciS‚

135 3218 221 3289 quod
253 3219 287 3273 in
311 3223 424 3291 quarta
447 3221 649 3291 generatione
673 3221 824 3276 ducerent
849 3236 971 3289 uxores
996 3219 1082 3290 quod
1107 3213 1203 3274 modo

134 3323 198 3363 uon
231 3311 316 3364 tenet
348 3308 497 3364 ecclesia’.
532 3341 564 3347 -
598 3311 665 3365 Alia
699 3326 826 3382 quoque
860 3309 1025 3365 christiani
1050 3308 1203 3380 temporis

133 3397 262 3468 vestigia
287 3414 350 3453 non
375 3415 447 3453 rara
472 3404 552 3455 suut.

224 3476 507 3543 ³Admirati0nem
533 3488 625 3544 nobis
654 3504 718 3543 non
749 3488 842 3544 debet
865 3502 1001 3552 movere,
1025 3486 1111 3558 quod
1137 3502 1202 3557 prae

133 3576 244 3631 ceteris
268 3576 422 3647 Vergilius
447 3577 486 3632 ad
511 3583 609 3634 artem
634 3579 825 3633 rhetoricam
842 3575 1064 3631 illustrandam
1082 3574 1203 3630 adhibi-

132 3669 198 3721 tus.
216 3669 271 3735 est,
304 3681 376 3721 cum
410 3671 531 3722 constet
563 3667 690 3738 Vergilii
722 3668 818 3724 verba
853 3666 884 3721 in
910 3665 1028 3721 scholis
1053 3664 1202 3719 omnihus

133 3754 236 3810 modis
268 3750 356 3827 (artis
390 3755 438 3811 vel
471 3746 685 3826 grammaticae
718 3757 766 3812 vel
798 3755 936 3811 metricae
961 3753 1010 3810 vel
1034 3754 1201 3808 rhetoricae

132 3843 240 3899 habita
266 3844 398 3912 ratione)
421 3845 572 3917 explicari
596 3846 688 3902 solita
713 3861 789 3901 esse.

220 3924 234 3960 4
258 3933 311 3988 130
334 3934 357 3988 A
385 3934 539 3990 Asconius
565 3935 722 3990 Pedianus
746 3938 1024 3989 commemoratur.
