2716 4254
570 190 747 250 -37-

139 349 257 412 danda
282 354 472 430 operaest,
498 348 636 429 utplus
661 347 771 429 possit
795 348 888 430 apud
912 366 974 410 vos
999 367 1079 409 vcra
1104 347 1213 410 virtus

139 463 172 519 et
196 455 306 539 ipsius
331 455 503 538 Scipionis
532 454 731 538 praestantia
755 452 885 536 quam1
915 461 1157 517 accusatorum
1177 440 1215 516 >ct
1250 484 1255 491 -

139 563 381 645 improborum
407 562 619 625 obtrectatio.
655 563 773 643 ltaque
799 561 934 623 homini
959 561 1026 643 ipsi
1044 561 1213 623 honestis-

139 670 230 732 simo
261 669 507 752 potiusquam
532 669 820 731 obtrectatoribus
845 667 950 730 tidem
975 668 1146 731 tribuatis.
1170 706 1214 712 -

140 762 341 839 Notandum
376 783 426 838 est
460 776 661 838 Ciceronem
694 777 760 838 hoc
793 775 828 837 in
863 777 939 837 loco
964 782 1023 838 aut
1047 775 1214 838 defecisse

88 960 90 964 ι
139 890 199 946 aut
231 883 426 964 ignorantia
461 889 492 945 et
526 882 661 946 defectu
689 882 911 945 librariorum
941 882 1213 965 praetermissum

139 991 264 1055 fuisse.¹
288 991 377 1052 Nam
401 990 475 1072 ipse
499 990 535 1052 in
559 995 631 1053 arte
655 989 760 1052 veteri
784 996 817 1052 et
833 989 869 1051 in
887 990 1006 1053 multis
1024 990 1101 1052 aliis
1115 1009 1210 1052 corn-

104 1174 112 1180 ,
141 1103 310 1160 memorat
342 1097 387 1160 ad
427 1097 700 1160 insinuationem
736 1097 905 1178 pertinere
943 1098 1051 1159 etiam¹
1082 1116 1211 1180 ponere

139 1224 212 1268 rem
245 1224 308 1287 pro
341 1224 376 1266 re
401 1211 433 1267 et
457 1204 637 1268 bominem
662 1223 725 1285 pro
750 1200 923 1266 homirre.²
971 1205 1055 1266 Rem
1080 1224 1213 1287 prore,

141 1312 208 1374 hoc
242 1311 360 1374 modo:
396 1310 607 1389 Pisistratus,
640 1310 725 1374 civis
754 1309 961 1394 primarius³
985 1311 1213 1389 Athenarum,

143 1417 249 1480 liliam
272 1418 405 1493 habuit,
424 1418 523 1482 cuius
548 1438 665 1481 amore
690 1418 891 1481 adolescens
917 1418 1061 1500 quidam
1084 1418 1212 1480 mirum

139 1524 176 1586 in
200 1525 343 1587 modum
368 1526 558 1589 tenebatur.
593 1527 624 1587 ls
649 1525 766 1588 oblata
789 1525 971 1589 occasione
992 1526 1059 1588 loci
1076 1532 1108 1588 et
1125 1532 1209 1587 tern-

139 1631 233 1712 poris
257 1632 411 1713 puellam
435 1633 612 1695 osculatus
636 1639 696 1696 est.
728 1634 920 1696 Accusatus
939 1632 1146 1696 ,adolescens
1172 1632 1214 1695 de

140 1737 282 1819 pollutis
302 1738 528 1816 caerimouiis3
546 1740 670 1821 poterit
687 1740 812 1822 aliquis
830 1747 946 1802 orator
962 1740 1011 1803 uti
1029 1741 1096 1802 hoc
1113 1759 1210 1802 exor-

142 1844 200 1907 dio
224 1844 325 1907 illum
349 1845 582 1908 defendendo:
609 1847 643 1910 Si
668 1847 888 1909 considerare
914 1848 1087 1924 volumus,
1116 1845 1214 1908 nulla

141 1951 280 2030 iniuria,
306 1953 422 2015 nullus
447 1953 597 2031 aninrus,
616 1954 712 2015 nulla
736 1953 908 2035 cupiditas
934 1952 1082 2016 nocendi
1104 1949 1215 2031 fecit⁴,

140 2064 177 2121 ut
200 2058 258 2122 hic
275 2059 476 2122 adolescens
493 2060 603 2122 filiam
620 2065 717 2123 tuam
735 2060 961 2138 oscularetur,
977 2079 1099 2124 verum
1116 2079 1215 2122 amor

140 2164 213 2247 ipse
247 2165 529 2248 improbissimus
561 2174 592 2230 et
625 2167 898 2250 propensissima
924 2168 960 2230 in
984 2168 1093 2230 filiam
1117 2172 1214 2228 tuam

139 2271 376 2336 benivolentia
400 2273 655 2337 adolescentem
680 2277 774 2337 bunc
798 2274 842 2337 ad
867 2275 935 2337 hoc
960 2275 1095 2337 facinus
1118 2273 1213 2335 insti·

140 2380 242 2469 gavit.
280 2380 398 2462 ltaque
422 2381 533 2444 amori
558 2381 635 2464 ipsi,
661 2401 731 2444 non
756 2380 891 2443 iniuriae
916 2383 983 2466 hoc
1006 2381 1130 2443 vitium
1158 2379 1214 2442 de·
1300 2423 1303 2427 -

142 2484 230 2548 betis
264 2485 471 2550 adscribere.
498 2525 540 2532 —
566 2488 754 2550 Hominem
785 2507 848 2571 pro
882 2487 1038 2550 bomine:
1075 2488 1230 2549 Turnus

141 2609 222 2655 cum
246 2594 361 2656 Aenea
385 2594 421 2655 in
447 2591 677 2658 monarchia⁵
702 2612 862 2677 pugnans
887 2594 1085 2658 succubuit:
1103 2599 1214 2675 turpe,

141 2698 171 2761 si
188 2699 330 2781 quidem
355 2706 426 2763 erat
450 2702 586 2764 hostenr
609 2703 652 2764 ab
675 2702 774 2764 hoste
796 2702 933 2764 veniam
952 2702 1146 2783 impetrare,
1163 2699 1213 2762 id-

142 2825 208 2890 que
242 2826 313 2870 nou
346 2807 424 2887 sibi,
449 2807 509 2870 sed
534 2808 622 2890 patri
647 2829 723 2887 suo,
747 2808 817 2871 iam
842 2814 940 2871 aetate
965 2807 1133 2885 confecto,
1158 2825 1213 2867 ex-

142 2914 305 2995 postulat,
330 2914 391 2995 qui
424 2913 542 2977 audita
566 2915 629 2976 filii
655 2921 764 2978 morte
789 2915 868 2977 ilico
893 2914 1057 2977 interibit.
1104 2915 1214 2995 Atque

142 3019 190 3080 ita
225 3019 351 3103 inquit:
388 3021 503 3083 Dauni
538 3021 698 3085 miserere
724 3027 880 3100 senectae,
904 3021 969 3083 fuit
993 3027 1026 3083 et
1049 3020 1112 3082 tibi
1136 3019 1215 3081 talis

143 3125 299 3206 genitor.⁶

234 3270 259 3348 l,
284 3272 304 3332 6
329 3268 351 3353 ξ
376 3273 396 3332 9
426 3276 485 3332 out
512 3271 551 3332 de
583 3269 710 3333 minore
738 3270 772 3334 Si
798 3276 913 3333 orator
936 3270 1125 3333 defendens
1151 3270 1215 3331 Ro-

144 3375 254 3438 scium
292 3377 551 3459 suspicionibus
587 3384 619 3441 et
655 3377 861 3440 coniecturis
895 3377 978 3439 solis
1013 3382 1215 3440 accusatum

237 3587 248 3623 1
273 3612 369 3667 quam
394 3597 538 3668 ipsorum
564 3598 593 3651 lr.

235 3675 247 3712 ²
272 3685 317 3740 Cl.
344 3685 383 3740 de
414 3686 474 3740 inv.
501 3686 524 3751 l,
550 3687 583 3740 17
600 3686 617 3752 ξ
637 3687 679 3740 24.
729 3676 740 3714 ³
765 3685 965 3757 patriciarius
990 3685 1020 3752 lr,
1045 3685 1217 3755 primarius

149 3774 177 3828 V.
224 3764 320 3829 4luit
352 3775 383 3842 h,
416 3774 490 3830 fecit
513 3775 544 3829 V.
589 3766 849 3829 ⁵1nonomachia
881 3773 1013 3843 fortusse
1046 3774 1216 3844 tependunr.

146 3854 159 3890 ‘⁵
183 3862 228 3918 cf.
252 3862 339 3934 Verg.
363 3864 414 3919 ne.
439 3864 489 3932 12,
507 3870 638 3918 aaa-ur.
