2716 4254
209 963 297 1026 lllud
322 962 449 1046 saepius
475 961 589 1024 mirati
614 968 695 1024 sunt
720 961 784 1024 viri
810 962 914 1042 docti,
937 961 1123 1030 rhetorices
1141 962 1186 1024 ad

120 1070 345 1147 Herennium,
379 1090 456 1152 quae
492 1076 646 1149 vocatur,
678 1070 839 1151 quamvis
871 1068 1185 1132 innumerabilibus

118 1177 297 1241 codicibus
322 1177 467 1257 traditae,
492 1178 628 1239 nullum
653 1176 799 1266 rhetoris
825 1175 1115 1240 commentarium
1141 1177 1185 1239 ad
1279 1230 1287 1243 „

119 1306 182 1349 nos
213 1280 436 1368 pervenissel.
485 1285 600 1363 Quare
632 1283 807 1367 insperato
831 1284 958 1367 gaudio
983 1305 1060 1346 sum
1086 1284 1186 1346 affec-

118 1399 184 1472 tus,
208 1412 289 1456 cum
314 1392 403 1455 inter
422 1392 530 1454 libros
548 1411 656 1453 manu
673 1391 830 1474 scriptos,
847 1382 907 1474 qui
924 1392 960 1454 in
977 1391 1186 1454 bibliotheca

118 1500 208 1581 regia
244 1499 437 1588 Holmiensi
468 1505 658 1579 servantur,
688 1499 843 1562 codicem
869 1499 996 1579 inveni,
1020 1499 1080 1582 qui
1104 1518 1185 1562 cum

116 1614 247 1671 textum
279 1607 390 1686 illum,
421 1613 494 1668 tum
532 1607 821 1669 commentarium
859 1607 1042 1690 copiosum
1078 1607 1186 1669 conti·

117 1714 230 1778 nebat.
279 1715 398 1797 Neque
429 1714 600 1776 minorem
631 1714 899 1777 admirationem
931 1714 1068 1777 rubrica
1093 1733 1186 1776 com-

118 1822 275 1885 mentarii
302 1821 420 1900 movit,
445 1821 543 1884 cuius
567 1821 672 1884 verba
697 1821 772 1884 haec
796 1827 889 1884 sunt:
920 1821 1055 1903 'lncipit
1080 1840 1185 1904 appa-

118 1935 212 1991 ratus
237 1928 346 1992 Grillii
371 1934 403 1991 ct
427 1929 575 1991 aliorum
601 1927 836 2010 expositorum
861 1947 966 2010 supra
995 1928 1185 1990 secundam

210 2105 221 2142 ¹
245 2114 516 2186 Pauly-Wissouru‚
542 2107 757 2185 Real-Encycl.
784 2115 830 2183 IV,
848 2131 876 2186 p.
896 2115 964 2171 1618
983 2116 1015 2179 (s.
1033 2131 1059 2169 v.
1078 2115 1186 2169 Corni-

118 2203 231 2272 licius):
247 2196 441 2259 'Auffallend
470 2204 510 2258 ist
534 2203 591 2259 das
616 2203 797 2274 Schweigen
823 2202 880 2258 der
908 2204 1184 2259 Commentatoren

117 2309 178 2350 von
215 2294 277 2349 Cic.
302 2293 341 2348 de
370 2293 430 2349 inv.
456 2293 575 2348 Marius
599 2293 778 2348 Victorinus
812 2289 911 2364 (Mitte
935 2293 990 2348 des
1018 2294 1045 2347 4.
1075 2293 1186 2360 Jhdts.)

117 2383 182 2438 und
211 2382 339 2438 Grillius
362 2383 459 2450 (4.—5.
484 2373 594 2448 Jhdt.).'
612 2412 644 2418 -
675 2381 767 2436 Marx
794 2382 826 2436 in
857 2382 993 2437 editione
1018 2383 1107 2437 Rhet.
1134 2381 1183 2437 ad.

118 2473 189 2528 Her.
216 2472 297 2527 Prol.
323 2489 351 2543 p.
377 2473 400 2526 1:
435 2473 535 2539 Quem
569 2471 686 2525 librum
715 2471 767 2539 (Ξ
792 2471 870 2526 rhet.
895 2471 944 2527 ad.
970 2471 1053 2538 Her.)
1077 2472 1186 2527 Romae

116 2561 189 2617 inde
214 2578 231 2616 a
257 2561 351 2616 Sullae
375 2565 518 2632 tempore
543 2576 643 2631 usque
668 2559 708 2615 ad
724 2560 915 2615 Theudorici
933 2561 1014 2631 regis
1030 2565 1184 2632 tempora,

116 2650 214 2706 immo
239 2667 296 2723 per
319 2666 413 2705 omne
438 2650 515 2705 illud
540 2666 642 2705 aevum
667 2666 730 2720 quo
755 2649 861 2719 lingua
879 2650 975 2704 latina
993 2650 1089 2705 locuti
1112 2655 1185 2705 sunt

118 2740 251 2796 Romani
285 2755 348 2800 non
382 2739 558 2794 innotuisse
592 2739 775 2794 doctoribus
805 2744 835 2794 et
864 2739 1073 2810 scriptoribus
1098 2739 1186 2794 urbis

116 2829 189 2884 inde
223 2829 424 2884 manifestum
455 2833 509 2897 est,
533 2828 620 2899 quod
649 2844 741 2883 nemo
767 2829 931 2883 rhetorum
956 2832 985 2884 et
1008 2829 1186 2897 grammati-

116 2935 227 2974 corum
261 2919 315 2990 qui
341 2918 451 2974 eadem
476 2921 651 2972 tractarunt
675 2933 746 2988 quae
771 2917 843 2972 libri
869 2921 980 2972 auctor
1004 2917 1079 2973 satis
1104 2934 1188 2973 com-

116 3008 210 3063 mode
244 3008 388 3080 exposuit
421 3023 458 3062 eo
488 3023 565 3062 usus
594 3010 648 3076 est,
678 3022 716 3061 ne
745 3006 807 3061 illis
836 3007 965 3078 quidem
989 3007 1187 3079 temporibus

115 3097 231 3169 quibus
264 3098 305 3154 M.
329 3097 425 3152 Tullii
458 3100 570 3152 auctus
600 3095 727 3150 nomine
761 3095 880 3151 incluto
913 3096 994 3151 liber
1027 3097 1183 3151 inclaruit.

36 3233 40 3241 .
116 3186 160 3242 Cf.
185 3204 236 3259 pp.
261 3187 344 3242 6-7:
368 3188 487 3241 Tamen
512 3187 574 3240 hoc
598 3201 800 3256 summopere
825 3185 1006 3240 mirandum
1028 3201 1096 3241 esse
1118 3187 1185 3257 qui-

115 3275 191 3331 libet
214 3276 365 3331 concedet
389 3276 525 3331 Marium
549 3275 745 3330 Victorinum
770 3304 1034 3312 -----
1051 3275 1083 3330 in
1101 3291 1185 3330 com-

115 3365 279 3420 mentariis
303 3364 459 3421 librorum
484 3365 523 3420 de
538 3364 598 3419 inv.
617 3380 773 3434 nusquam
797 3380 974 3419 memorare
992 3365 1184 3419 rhetoricam

37 3468 40 3473 '
115 3455 206 3526 quasi
219 3454 384 3525 gemellam
398 3453 437 3509 ad
452 3455 523 3509 Her.
541 3484 574 3490 -
593 3483 626 3490 —
640 3483 672 3490 —
687 3484 719 3490 -
735 3454 815 3508 Nam
832 3453 1011 3508 Victorinus
1028 3454 1054 3508 si
1068 3453 1185 3525 perfec-

114 3548 179 3599 tam
194 3543 407 3599 etabsolutam
417 3543 608 3599 rhetoricam
617 3541 736 3598 ad-Her.
746 3558 808 3597 non
819 3542 1183 3613 ignorasset,nonsolum

115 3633 248 3704 singulis
265 3633 305 3688 ad
322 3633 574 3704 comparandum
592 3632 670 3687 locis
688 3648 765 3686 usus
783 3635 864 3687 esset
880 3631 935 3687 sed
955 3631 1085 3687 omnino
1103 3648 1184 3704 opus

17 3762 20 3767 -
115 3722 244 3795 plenum
269 3727 299 3778 et
320 3722 494 3793 perlectum
520 3721 749 3777 commentario
770 3737 885 3776 ornare
908 3720 1070 3776 maluisset
1087 3735 1184 3792 quam

115 3811 337 3883 fragmentum:
352 3811 547 3883 quaeeadem
558 3810 665 3865 omnia
683 3809 800 3865 cadunt
817 3803 853 3865 in
867 3810 1014 3865 Grillium
1024 3826 1189 3864 commen-

114 3905 259 3971 tatorem,
277 3901 331 3973 qui
347 3901 533 3974 insequente
557 3899 678 3959 saeculo
692 3899 800 3959 libros
816 3900 858 3958 de
870 3901 941 3957 tur.
957 3895 1161 3970 explanatum
