2716 4254
583 175 764 234 ...87-

142 339 231 395 errat
255 340 287 396 et
311 333 426 396 deviat
449 333 485 397 in
511 341 602 397 recto
628 335 734 397 sulco.
783 334 947 397 Similiter
971 335 1148 398 deviantes
1174 336 1207 398 in

140 439 255 502 verbis
280 446 312 504 et
335 442 440 504 stulta
465 442 646 524 loquentes
671 441 834 505 dicuntur
857 441 1013 505 delirare.

232 601 287 680 IV,
311 603 354 664 49
378 598 400 685 ξ
424 603 466 665 63
491 600 642 684 Efflctt01
668 608 727 665 est
741 601 862 665 formae
886 601 1041 685 corporis
1063 602 1210 666 alicuius

141 728 202 791 per
225 707 416 771 accidentia
441 708 642 788 extrinseca,
667 715 703 772 ut
728 729 781 772 res
805 709 915 793 possit
938 709 1093 792 intelligi,
1117 731 1209 794 quae-

141 813 224 877 dam
253 815 448 898 descriptio.
497 817 606 895 Quasi
637 817 774 895 diceret,
799 815 1022 880 effictio1est
1049 837 1209 901 expressa

141 920 310 1004 expositio
333 923 387 986 vel
411 923 597 1006 descriptio
621 924 741 987 formae
766 923 923 988 alienius.
964 925 1007 987 Et
1024 924 1150 987 dicitur
1166 926 1210 988 ab

142 1028 280 1110 ellingo,
305 1029 380 1111 gis.
428 1030 599 1111 Effingere
633 1037 683 1093 est
716 1029 954 1094 accidentibus
984 1032 1210 1095 exterioribus

140 1135 293 1219 aliquem
318 1137 511 1201 describere
528 1143 560 1201 et
576 1137 746 1218 effingere.
790 1139 865 1200 Hoc
881 1138 969 1202 bene
986 1138 1069 1211 lacit
1085 1140 1210 1202 Teren-

138 1242 207 1305 tius
232 1242 380 1307 dicendo
405 1245 544 1309 caesiam
569 1245 664 1308 illam
688 1245 750 1308 tali
774 1245 861 1308 facie
878 1252 910 1308 et
926 1245 987 1308 tali
1004 1259 1059 1322 **;
1077 1245 1134 1310 hic
1151 1267 1212 1330 per

139 1343 307 1414 exteriora
323 1352 515 1415 accidentia
532 1352 723 1416 describit.·²
748 1354 839 1416 Usus
853 1358 905 1415 est
917 1352 1010 1416 enim
1024 1353 1211 1417 effictione³

140 1457 331 1521 Terentius.
379 1458 472 1521 Alias
508 1458 648 1522 dicitur:
686 1459 823 1522 Elfictio
859 1465 911 1522 est
945 1459 1134 1541 assignatio
1167 1462 1210 1525 de

140 1564 270 1647 aliquo,
305 1566 435 1647 qualis,
455 1566 510 1647 sit,
534 1585 596 1649 per
630 1566 797 1630 exteriora
827 1566 1032 1646 accidentia,
1057 1573 1094 1630 ut
1117 1575 1211 1651 patet

139 1671 176 1734 in
209 1673 386 1756 exemplis.
435 1674 538 1737 Color
570 1674 633 1737 iste
666 1674 703 1736 in
734 1673 830 1736 omni
859 1674 969 1755 figura
997 1675 1089 1739 etin
1113 1675 1210 1743 omni

138 1795 262 1859 genere
285 1799 399 1844 causae
423 1787 536 1862 potest
560 1782 672 1844 valere
694 1787 727 1844 et
743 1780 779 1843 in
796 1801 900 1845 omne
917 1788 1013 1865 parte
1030 1782 1210 1846 rhetoricae

140 1886 318 1967 orationis,
342 1888 494 1950 maxime
523 1887 559 1950 in
583 1875 849 1951 confirmatione
873 1893 906 1950 et
929 1888 1208 1971 reprehensione.

231 2049 287 2126 IV,
305 2051 346 2111 50
370 2046 392 2132 ξ
408 2051 450 2112 63
476 2047 608 2115 Notatio
632 2053 676 2111 est
692 2068 754 2132 per
770 2048 861 2112 dicta
878 2054 938 2111 aut
954 2048 1044 2112 facta
1061 2050 1208 2113 alicuius

139 2174 297 2237 personae
332 2175 469 2218 morum
504 2155 701 2238 descriptio,
730 2155 752 2219 i.
777 2176 805 2219 e.
830 2156 963 2220 notatio
988 2163 1040 2219 est
1064 2154 1208 2242 [natural

139 2260 215 2324 vitii
243 2268 304 2325 aut
326 2262 462 2326 virtutis
486 2281 547 2346 per
570 2263 668 2344 signa
692 2268 784 2326 certa
808 2263 971 2341 ostensio,
995 2264 1138 2346 quando
1162 2284 1209 2329 sc.

139 2387 201 2451 per
224 2369 316 2432 dicta
341 2376 400 2432 aut
423 2369 513 2433 facta
533 2369 680 2432 alicuius
698 2389 801 2432 suum
818 2369 942 2432 vitium
959 2370 1031 2433 sive
1047 2370 1156 2434 virtus
1173 2371 1209 2433 in

139 2474 258 2558 aliquo
283 2482 423 2539 notatur
446 2495 507 2559 per
530 2495 650 2538 eorum
675 2475 991 2559 reprehensionem.
1006 2514 1039 2522 —
1053 2478 1211 2543 —Color

140 2583 203 2645 iste
228 2602 343 2646 rerum
368 2590 429 2662 est,
446 2583 529 2667 quia
546 2583 678 2646 notatio
694 2603 810 2646 rerum
827 2590 878 2647 est
894 2589 987 2648 nota.
1022 2585 1065 2647 Et
1081 2603 1208 2650 comoe-

140 2688 206 2752 diis
231 2691 403 2753 convenit.
452 2691 491 2752 In
517 2690 682 2753 mediocri
708 2696 740 2753 et
763 2696 939 2754 attenuata
964 2691 1073 2773 figura
1097 2698 1210 2775 potest

138 2797 252 2860 valere
277 2798 369 2860 etin
394 2796 666 2860 demonstrativo
690 2814 824 2878 genere,
848 2798 930 2880 quia
954 2799 1046 2863 valet
1068 2799 1112 2861 ad
1137 2800 1209 2861 lau-

141 2902 298 2967 dandum
331 2905 385 2967 vel
418 2903 698 2987 vituperandum.
747 2906 786 2968 ln
815 2905 1079 2969 confirmatione
1103 2911 1136 2969 et
1159 2925 1209 2969 re·

138 3011 369 3093 prehensione
393 3012 494 3075 valet.
542 3012 585 3075 Et
608 3012 723 3075 differt
746 3011 791 3075 ab
817 3008 881 3096 [abl
907 3010 1111 3090 effictione,³
1127 3013 1209 3096 quia

139 3117 178 3180 fit
202 3117 250 3180 ibi
275 3119 461 3201 descriptio
485 3138 547 3202 per
570 3118 762 3183 accidentia
778 3119 926 3202 corpori,
943 3119 1000 3183 hic
1016 3127 1133 3183 autem
1149 3140 1211 3203 per

140 3224 230 3287 lacta
261 3232 321 3288 aut
353 3225 568 3289 dicta.--
592 3226 724 3288 Tamen
751 3224 808 3288 hic
831 3227 927 3288 color
950 3232 1001 3289 est
1025 3225 1149 3289 similis
1173 3227 1209 3288 in

139 3333 207 3394 hoo
231 3332 412 3415 superiori,
436 3333 530 3415 quod
555 3353 617 3415 per
640 3331 740 3395 illum
765 3332 883 3416 aliqua
899 3334 1054 3417 corporis
1071 3333 1209 3413 torma,4

139 3459 199 3520 per
215 3440 310 3502 hunc
327 3459 407 3503 vero
424 3439 502 3503 vitae
519 3445 580 3503 aut
597 3460 734 3503 morum
752 3440 969 3503 consuetudo
986 3440 1209 3522 significatur.

154 3611 182 3617 ψ,
189 3611 385 3617 -ηῶ--η-
397 3612 423 3616 ἢ.
457 3612 490 3618 --.
505 3612 536 3616 .-Α
543 3611 1208 3618 .-ων-...Ἣ-ι-η--ᾴ--ᾐη-ψ.

230 3700 241 3737 ¹
266 3706 387 3762 ellectio
413 3707 441 3760 h.
500 3697 511 3732 ²
536 3707 604 3760 Ter.
631 3706 741 3760 Heaut.
767 3706 920 3760 root-62:
947 3705 1102 3761 Rufamne
1123 3706 1210 3761 illam

139 3795 301 3938 pirginenrl,
319 3795 462 3864 Caesiam,
479 3810 591 3866 sparso
608 3810 672 3858 ore,
689 3794 814 3849 adunco
832 3796 928 3849 naso‘l
960 3789 972 3826 ³
997 3794 1161 3850 effectione
1179 3796 1208 3849 lr.

179 3885 261 3939 lama
296 3901 318 3940 r.
