2716 4254
588 209 766 268 „91—

232 368 286 445 lV‚
312 370 354 429 54
377 365 399 450 ξ
423 369 463 430 67
489 365 660 429 stultitiam
686 371 847 429 memento
866 365 1019 430 Gracchi¹
1038 386 1099 449 per
1114 367 1208 449 quod

140 474 307 537 intellexit
339 473 497 536 similiter
529 473 755 538 Saturninum
790 493 851 555 pro
880 473 1024 536 stultitia
1049 492 1111 536 sua
1135 492 1209 556 per-

142 582 282 644 iturum.
330 582 396 643 Per
418 581 510 643 enim
536 579 801 643 similitudinem
826 579 997 661 significat
1021 599 1099 644 eum
1125 599 1209 661 quo-

141 709 208 771 que
233 688 459 752 Saturninum
481 685 718 769 'iugulandum
743 706 828 767 esse,
852 686 881 749 si
906 693 1071 771 sequatur
1094 687 1209 750 studia

140 795 334 878 popularia,
359 795 448 858 sicut
472 795 647 858 Gracchus
673 800 768 876 pater
791 794 928 857 Aemilii
953 801 985 857 et
1009 794 1083 859 Caii
1108 795 1208 856 Grac-

141 903 299 966 chorum.
325 940 358 948 -
383 939 416 946 —

231 1046 287 1126 lV,
311 1047 354 1108 54
376 1043 399 1128 ξ
422 1046 465 1108 68
495 1043 642 1107 Brevitas
671 1051 721 1107 est
750 1043 921 1127 expeditio
946 1045 1135 1107 multarum
1160 1064 1209 1107 re·

142 1173 218 1216 rum
243 1152 357 1217 verbis
380 1152 512 1236 paucis.
552 1152 613 1214 Vel
636 1152 700 1214 sic:
727 1152 881 1215 Brevitas
905 1158 956 1214 cst
979 1152 1135 1234 paucitas
1158 1168 1209 1214 re·

141 1280 218 1323 rum
243 1266 378 1323 tantum
404 1258 606 1323 necessariis
630 1258 788 1342 expedita
814 1257 937 1322 verbis.
971 1259 1090 1322 Brevis
1114 1259 1207 1322 enim

140 1368 267 1431 dicitur
299 1386 424 1447 sermo,
457 1367 518 1448 qui
552 1366 666 1429 verbis
690 1365 891 1429 necessariis
916 1365 1070 1429 continet
1094 1385 1209 1429 neces·

141 1475 242 1538 saria.
276 1475 372 1553 Item,
389 1473 539 1537 brevitas
563 1472 691 1537 dicitur
713 1473 861 1536 alicuius
882 1473 930 1535 rei
947 1473 1100 1536 narratio
1117 1493 1210 1538 com-

140 1580 319 1665 pendiosa,
332 1581 379 1647 ita
397 1600 443 1644 sc.
454 1580 549 1665 quod
565 1599 629 1644 nec
644 1581 723 1663 plus
736 1599 800 1643 nec
814 1579 930 1643 minus
948 1600 1054 1663 quam
1072 1600 1211 1645 necesse

141 1689 184 1752 sit
201 1689 312 1753 oratio
330 1687 544 1753 extendatur.
571 1688 612 1750 Et
636 1693 688 1750 est
700 1688 787 1767 laus,
800 1686 890 1750 sicut
901 1687 1065 1751 vitiosum
1084 1695 1134 1751 est
1150 1708 1211 1771 per

140 1796 344 1859 brevitatem
377 1795 451 1858 fieri
487 1795 664 1858 obscurus.
713 1795 773 1858 Est
806 1801 923 1857 autem
947 1795 1072 1858 melius
1096 1794 1209 1858 dicere

140 1904 315 1986 superflua
339 1921 446 1984 quam
471 1901 627 1964 omittere
651 1901 855 1964 necessaria.
903 1902 946 1964 Et
963 1901 1113 1967 multum
1129 1921 1210 1964 con-

143 2009 235 2073 venit
267 2010 330 2072 iste
355 2009 450 2072 color
473 2007 771 2090 historiographis.
820 2007 990 2090 Phrygius
1015 2009 1123 2071 Dares
1147 2008 1210 2071 fre-

140 2123 285 2199 quenter
308 2116 406 2200 ponit
431 2115 525 2179 hunc
549 2115 711 2179 colorem.
752 2115 790 2176 ln
815 2120 888 2178 toto
913 2115 1063 2198 Phrygio
1088 2116 1211 2178 Daretc

141 2244 212 2286 non
248 2223 432 2302 invenitur,
468 2221 536 2285 nisi
572 2222 635 2285 iste
664 2223 769 2286 color.
816 2222 860 2284 Et
891 2221 928 2284 in
960 2221 1063 2284 rebus
1086 2222 1125 2284 fit
1149 2221 1211 2285 iste

141 2336 294 2411 ornatus,
321 2330 402 2412 quia
435 2329 552 2412 potius
583 2349 636 2392 res
660 2347 766 2412 quam
791 2328 896 2391 uerba
920 2328 1116 2391 considerat
1136 2328 1210 2391 bre·

140 2437 238 2500 vitas.
255 2476 297 2500 ,—
322 2475 355 2481 —-

229 2581 284 2661 lV,
310 2583 351 2644 55
375 2579 398 2663 ξ
421 2582 464 2644 68
488 2578 732 2644 Demouslrulio
767 2585 817 2642 est
853 2579 901 2641 rei
932 2584 1034 2661 gestae
1059 2579 1210 2643 narratio

140 2689 189 2751 sic
213 2687 407 2766 manifesta,
432 2694 470 2750 ut
493 2705 612 2750 aurem
637 2685 737 2768 quasi
762 2686 903 2749 oculum
928 2685 1043 2749 faciat.
1067 2686 1129 2748 Vel
1146 2686 1209 2748 sic:

141 2795 397 2858 Demonstratio
431 2800 481 2856 est
514 2791 827 2857 administrationis
855 2791 1001 2875 triplicis
1025 2793 1210 2874 expressio,

140 2907 327 2981 emerem,
352 2902 387 2964 in
413 2921 459 2982 re,
483 2907 562 2984 post
586 2920 668 2963 rem.
687 2937 720 2944 -
745 2936 778 2944 -
804 2900 886 2962 Haec
904 2905 1019 2962 autem
1037 2899 1210 2981 expressio

140 3010 179 3073 lit
212 3028 272 3092 per
301 3007 642 3071 circumstantiarum
668 3005 978 3089 interpositionem,
1003 3012 1035 3070 et
1059 3006 1211 3069 maxime

140 3121 220 3179 ante
244 3115 363 3179 oculos
388 3114 562 3197 ponendo.
588 3151 620 3160 —
646 3151 679 3158 -

127 3291 145 3347 j
232 3277 287 3355 lV,
312 3278 354 3340 56
377 3273 400 3359 ξ
423 3277 466 3339 69
492 3275 613 3338 Omnes
634 3273 776 3337 rationes
794 3272 1014 3336 Enumeratis
1030 3280 1102 3336 tam
1119 3272 1210 3336 colo·

142 3385 237 3447 ribus
270 3382 457 3446 verborum
490 3401 597 3465 quam
626 3381 877 3444 sententiarum
901 3380 1065 3444 terminat
1087 3386 1209 3442 tracta-

140 3498 215 3554 tum
251 3490 357 3553 huius
392 3489 485 3552 artie.
534 3488 675 3552 Finiens
711 3487 838 3552 librum
875 3507 978 3550 suum
1003 3494 1125 3550 auctor
1148 3486 1211 3549 iste

141 3598 222 3662 facit
257 3597 431 3680 epilogum
468 3615 508 3659 ac
543 3594 816 3673 conclusionem,
851 3595 888 3656 iu
923 3613 992 3677 qua
1025 3593 1090 3657 tria
1114 3592 1209 3656 lacit:

141 3705 295 3787 primum
321 3704 479 3767 hortatur
503 3701 719 3765 Herennium
744 3701 789 3764 ad
813 3700 1026 3764 studendum
1047 3700 1102 3764 his
1119 3700 1210 3763 colo-

402 3847 755 3855 .......-.—-..—-...-—.„..-.
774 3848 781 3852 ..
790 3847 794 3851 .

235 3919 242 3953 ¹
270 3926 358 3980 aliter·
381 3929 478 3981 textus
503 3940 558 3979 rec.
