2716 4254
585 201 761 259 -50-

139 365 172 423 et
195 365 409 439 argumenta,
434 358 587 421 actiones
612 365 644 420 et
667 358 891 442 probationes
916 378 978 441 per
1002 359 1100 422 hunc
1124 359 1218 422 colo·

138 486 211 529 rem
236 465 407 528 concludi.
423 502 455 508 —
471 502 502 509 -

230 627 286 705 lV,
306 629 345 688 15
368 623 446 709 §21
476 624 700 701 Exclumutio,
727 624 982 710 Σχετλιασμός.1
1023 625 1129 688 Color
1155 625 1219 689 iste

140 734 331 817 plurimum
355 733 447 795 valet
470 732 506 795 in
531 733 805 797 demonstrativo
822 750 954 814 genere,
971 733 1051 796 licet
1068 733 1105 795 in
1124 733 1227 813 aliis,.

141 841 292 904 maxime
315 846 433 903 tamen
455 839 499 902 ad
517 840 792 922 indignationem
811 846 844 903 et
859 839 1217 904 commiserationem.

141 950 184 1012 Et
207 948 258 1011 sio
281 953 385 1031 patet,
410 947 505 1029 quod
528 949 624 1029 gravi
649 948 766 1029 figurae
791 953 842 1010 est
865 946 1126 1010 accomodatus.
1176 949 1218 1010 Et

141 1056 289 1139 pertinet
320 1055 364 1118 ad
395 1055 554 1138 publicas
583 1055 847 1138 praedicationes
872 1075 932 1117 seu
957 1053 1218 1137 praedicatores

144 1164 204 1248 qui
221 1161 423 1245 aliquando,
440 1162 500 1225 ubi
519 1163 786 1225 exclamandum
803 1167 864 1242 est,
878 1161 1050 1224 submisse
1064 1161 1218 1244 loquun-

143 1278 201 1334 tur
225 1277 258 1334 et
281 1290 299 1334 e
323 1270 508 1333 contrario.
556 1270 709 1348 Quidam
734 1268 883 1332 faciebat
906 1269 984 1348 hoc,
1008 1268 1115 1350 quod,
1134 1288 1218 1332 cum

144 1379 272 1442 diceret
306 1377 541 1441 benefactores
574 1376 619 1439 ad
652 1377 855 1460 paradisum
879 1375 1067 1452 advolare2,
1092 1396 1219 1440 vocem

22 1538 25 1557 ι
145 1506 251 1569 quam
285 1491 419 1568 poterat
451 1485 603 1548 maxime
637 1484 830 1547 extollebat.
878 1484 967 1547 Cum
995 1503 1076 1547 vero
1101 1489 1219 1548 osten-

146 1593 241 1656 deret
264 1598 462 1675 peccatores
486 1592 531 1654 ad
555 1592 682 1655 inferos
707 1591 853 1666 demitti,
877 1590 1136 1654 humanissime
1162 1592 1220 1656 de·

146 1699 329 1763 clamabat.
377 1700 428 1763 Ex
464 1719 533 1782 quo
568 1705 661 1762 totus
697 1699 837 1762 effectus
872 1697 1107 1761 confunditur.
1165 1700 1220 1764 Sic

146 1808 322 1871 definitur:
349 1807 564 1871 Exclamatio
588 1806 707 1869 estad
732 1806 862 1869 doloris
886 1806 940 1868 vel
964 1805 1219 1886 indignationis

146 1915 435 1998 significationem
468 1915 517 1978 rei
550 1914 697 1977 alicuius
725 1914 888 1976 animatae
917 1913 989 1976 sive
1012 1912 1220 1978 inanimatae

147 2023 386 2106 interpellatio.
426 2022 721 2103 Significationem
743 2021 833 2100 dien,
850 2020 932 2103 quia
949 2026 1150 2084 commovet
1167 2023 1220 2086 vel

146 2131 190 2194 ad
215 2130 370 2194 dolorem
394 2130 448 2192 vel
472 2129 758 2210 indignationem.

237 2292 293 2371 lV,
312 2293 352 2353 15
369 2288 391 2375 ξ
408 2293 449 2354 22
474 2289 503 2353 si
519 2291 589 2352 loco
607 2295 743 2354 utemur.
770 2291 810 2352 ln
826 2295 992 2372 tempore,
1009 2309 1080 2352 non
1098 2297 1220 2354 autem

147 2400 353 2482 frequenter,
378 2398 460 2481 quia
477 2397 586 2461 nimia
604 2404 637 2461 et
653 2396 864 2480 frequentior
881 2386 1086 2459 exclamatio
1104 2398 1222 2480 perdit

147 2508 318 2586 ellectum,
342 2505 429 2569 adeo
454 2505 549 2587 quod
572 2505 711 2568 animus
736 2504 889 2567 hominis
913 2503 958 2566 ad
983 2503 1140 2566 dolorem
1168 2506 1220 2568 in-

146 2614 424 2695 dignationemve
448 2612 517 2675 fere
541 2631 736 2694 numquam
760 2617 1008 2674 commovetur.

237 2758 293 2836 lV,
312 2759 352 2819 15
375 2754 456 2840 §22
481 2761 510 2818 et
533 2776 607 2818 curn
633 2753 688 2817 rei.
718 2754 809 2831 Quia
826 2754 920 2816 iuxta
938 2753 1219 2835 magnitudinem

148 2864 250 2927 dehet
272 2864 412 2926 tractari
437 2869 470 2926 et
493 2880 645 2944 congruo
670 2863 746 2925 loco
770 2862 864 2944 poni.
906 2860 1008 2923 Gravi
1025 2862 1120 2924 enim
1137 2863 1221 2926 stilo

148 2971 298 3034 maxime
323 2971 495 3034 convenit.

237 3116 293 3194 IV,
312 3118 353 3178 15
377 3113 399 3200 ξ
415 3119 457 3178 22
483 3114 698 3196 lnlerropulio
715 3135 792 3176 non.
819 3113 940 3176 Miscet
956 3113 1117 3175 effectum
1135 3131 1218 3177 cum

148 3222 359 3286 definitione.
401 3223 514 3286 Habet
537 3223 631 3286 enim
649 3223 745 3285 color
761 3221 967 3283 suavitatem
984 3226 1016 3282 et
1032 3239 1219 3283 ornamen-

147 3336 222 3392 tum
247 3350 327 3393 cum
352 3329 554 3392 acrimonia.
602 3330 644 3391 Et
665 3334 777 3411 potest
793 3327 922 3391 versari
939 3327 975 3389 in
992 3344 1114 3408 genere
1130 3327 1218 3390 iudi·

148 3438 227 3500 ciali
256 3443 288 3499 et
317 3436 600 3501 demonstrativo.
648 3436 691 3499 Et
718 3437 809 3499 valet
833 3435 983 3498 maxime
1007 3434 1044 3495 in
1068 3433 1217 3516 epilogo.

149 3546 188 3607 ln
213 3544 379 3608 mediocri
404 3544 507 3607 etiam
532 3544 640 3624 ligura
664 3542 854 3625 plurimum
879 3543 979 3605 valet.
1028 3541 1076 3603 Et
1094 3540 1218 3604 defini-

147 3659 204 3714 tur
228 3652 291 3714 sic:
318 3652 543 3732 Interrogatio
568 3657 618 3714 est
642 3650 686 3712 ad
711 3649 898 3732 superioris
922 3648 1066 3711 rationis
1090 3649 1218 3711 confir·

240 3901 250 3941 ¹
275 3910 465 3965 schliasmos
489 3909 511 3963 h
535 3909 568 3964 V.
617 3901 629 3940 ²
653 3906 795 3963 advolari
820 3908 850 3962 h.
