2716 4254
510 219 512 223 π
590 191 767 251 -66-

142 355 260 431 parata
296 349 433 431 positio,
468 349 489 410 i.
524 367 552 411 e.
586 348 801 412 diversarum
841 351 1044 420 orationum
1086 353 1214 437 absque

141 456 387 520 coniunctione
410 461 576 538 punctata
599 456 757 537 prolatio.
806 457 849 519 Et
868 457 948 520 licet
963 457 1132 523 videatur
1147 480 1215 526 esse

142 564 318 642 articulus,
343 569 460 626 tamen
485 569 641 641 nonest,
666 563 748 645 quia
773 563 822 627 ibi
844 584 917 628 non
943 574 1130 648 ponuntur
1152 569 1215 631 nisi

142 671 286 753 singulae
325 671 504 751 dictiones,
536 669 593 733 hic
628 689 710 733 vero
743 671 869 753 plures.
917 673 988 736 Nec
1023 679 1077 737 est
1114 675 1212 738 etiam

143 779 351 855 membrum,
380 777 463 859 quia
495 777 532 840 in
556 777 714 841 membro
744 798 814 842 una
838 780 995 843 clausula
1024 781 1157 863 pendet
1178 802 1215 846 ex

142 886 220 966 alia,
245 885 303 949 hic
325 903 407 948 vero
432 885 527 946 nulla
552 884 687 966 pendet.
736 885 857 949 Differt
873 885 977 950 etiam
995 906 1017 950 a
1034 887 1214 953 disiuncti·

142 1012 219 1074 one,
252 992 335 1075 quia
363 992 399 1054 in
424 991 652 1074 illasingulis
676 992 843 1057 clausulis
867 993 1008 1076 propria
1033 995 1144 1059 verba
1167 1017 1212 1060 re-

142 1100 257 1182 quirit,
290 1099 348 1162 hic
380 1105 496 1162 autem
526 1106 671 1162 nonest
696 1100 940 1182 necessarium,
965 1103 1212 1184 quamvisali-

141 1207 283 1289 quando
319 1207 504 1288 contingat.
554 1207 593 1268 ln
617 1205 849 1271 disiunctione
874 1207 968 1271 enim
991 1228 1212 1294 unaquaeque

142 1314 311 1377 sententia
349 1314 554 1377 terminatur
592 1313 737 1377 diversis
776 1315 901 1396 verbis,
941 1315 998 1379 hic
1033 1336 1119 1396 non,
1155 1318 1212 1382 sed

141 1422 334 1505 punctatim
370 1422 548 1503 protertur.
599 1421 641 1484 Et
675 1421 719 1483 ad
753 1421 905 1505 epilogos
930 1422 1077 1505 pertinet
1103 1425 1141 1488 in
1165 1425 1214 1488 in·

142 1529 349 1610 dignatione.
375 1565 419 1573 -
444 1565 486 1574 —
510 1564 550 1573 —
576 1528 629 1590 Ad
654 1527 927 1592 mediocritatem
952 1531 1044 1594 valet
1060 1533 1212 1596 maxime

142 1643 174 1698 et
207 1635 251 1698 ad
287 1635 530 1698 instruendum
554 1654 690 1717 pueros
739 1637 782 1698 Et
806 1636 883 1700 ideo
908 1636 944 1699 in
968 1637 1066 1701 omni
1092 1657 1214 1726 genere

142 1726 255 1806 causae
284 1743 382 1805 valet.
432 1743 471 1804 ln
495 1741 692 1805 narratione
717 1743 821 1835 etiam
846 1750 958 1826 potest
981 1744 1108 1822 valere,
1134 1747 1212 1829 quia

143 1850 427 1913 accommodatus
452 1856 502 1912 est
526 1849 694 1912 brevitati.

235 1993 289 2073 lV,
313 1996 356 2056 30
379 1990 401 2077 ξ
424 1995 463 2056 41
492 1991 645 2056 Proecisio
678 1997 731 2056 est.
772 1987 943 2077 Ἕκλειῴις1
966 2001 1114 2059 vocatur
1138 2016 1213 2080 pro·

143 2101 226 2183 prie,
263 2100 430 2182 quoniam
464 2099 595 2181 aliquid
629 2099 755 2181 deficit,
784 2101 879 2183 quod
903 2101 1125 2168 subauditur.
1174 2105 1216 2168 Et

142 2208 191 2270 sic
230 2207 449 2270 describitur:
499 2207 659 2270 Praecisio
698 2215 758 2287 cst,
798 2228 879 2272 cum
918 2208 1077 2291 pluribus
1109 2209 1214 2274 dictis

142 2315 226 2395 eius,
251 2315 345 2397 quod
371 2314 521 2379 maxime
545 2314 770 2395 intendimus,
794 2316 831 2378 in
855 2315 982 2378 animis
1011 2315 1211 2382 auditorum

142 2429 192 2486 est
215 2422 331 2486 relicta
356 2421 523 2505 suspicio;
549 2422 649 2503 quasi
674 2422 812 2502 diceret,
836 2442 917 2486 cum
942 2423 1075 2506 aliquid
1100 2424 1212 2488 dein·

142 2536 240 2612 cepta
268 2530 423 2594 oratione
448 2528 662 2610 relinquitur,
688 2535 726 2591 ut
749 2530 862 2592 maior
884 2536 1023 2594 notetur
1046 2532 1213 2616 suspici0,

141 2637 234 2719 quod
257 2636 519 2718 intelligendum
536 2642 691 2700 remanet
708 2637 744 2699 in
761 2637 890 2701 iudicio
907 2637 1120 2704 auditorum.
1135 2677 1169 2686 -
1181 2676 1211 2684 —

231 2781 286 2860 lV,
311 2782 352 2844 30
376 2778 399 2863 ξ
422 2781 461 2842 41
488 2778 631 2861 suspicio
655 2779 806 2856 atrocior,
832 2801 933 2863 quum
958 2779 1079 2844 diserta
1095 2782 1212 2866 explo-

141 2888 241 2951 ratio,
267 2925 310 2934 -
333 2924 377 2933 -
401 2924 444 2931 —
468 2887 565 2950 Valet
588 2886 625 2947 in
649 2887 837 2968 prooemiis
865 2887 1016 2951 maxime
1040 2889 1135 2952 etin
1160 2890 1210 2953 iu-

140 2995 256 3058 diciali
280 3013 401 3077 genere
425 3014 549 3058 causae.
963 2994 968 3005 '

231 3140 285 3218 IV,
311 3140 352 3202 30
376 3137 398 3222 ξ
421 3140 461 3201 41
490 3136 663 3201 Conclusio
691 3143 737 3200 est
759 3138 816 3201 etc.
857 3136 1068 3222 Xelurrluopo²
1091 3158 1134 3202 ex
1159 3139 1212 3218 iis,

140 3266 217 3328 quae
241 3245 333 3308 dicta
357 3252 449 3323 sunt,
473 3264 520 3307 sc.
545 3264 586 3307 ex
611 3245 740 3308 maiore
763 3252 796 3308 et
813 3245 945 3307 minore
962 3251 1013 3308 est
1027 3252 1210 3328 tamquam

140 3353 372 3435 syllogismus,
405 3351 465 3434 qui
501 3351 641 3414 conficit
669 3359 701 3414 et
725 3352 910 3416 concludit.
959 3352 1002 3414 Et
1025 3351 1089 3415 iste
1114 3355 1211 3416 color

138 3461 176 3522 in
201 3460 297 3522 omni
322 3477 443 3542 genere
467 3478 580 3522 causae
605 3466 716 3541 potest
739 3461 852 3523 valere
873 3465 905 3522 et
921 3458 956 3521 in
974 3458 1071 3522 omni
1088 3460 1209 3542 figura,

139 3568 330 3649 plurimum
360 3586 441 3630 vero
475 3567 511 3629 in
544 3567 648 3648 gravi.
696 3567 990 3631 Accommodatur
1021 3566 1085 3629 iste
1105 3568 1210 3631 vcolor

139 3675 367 3755 conclusioni,
396 3675 445 3737 illi
469 3674 557 3757 parti
583 3674 762 3738 rhetoricae
786 3673 962 3737 orationis.
1009 3673 1065 3737 Sic
1090 3673 1210 3738 defini-

230 3890 240 3925 ¹
266 3898 408 3971 Eclipsis
457 3888 468 3923 ²
493 3895 691 3968 Simplasma.
