2716 4254
534 210 709 267 „35-

79 378 195 456 patres
231 367 429 451 conscripti,
465 369 493 430 si
532 368 678 430 antebac
714 387 909 449 numquam
935 367 969 429 in
996 374 1154 431 senatum

79 486 242 543 oraturus
267 476 482 540 accesserim.
516 475 674 538 Sciebam
692 475 786 538 enim
803 474 997 538 orationem
1014 495 1152 558 promp-

80 594 151 650 tam
188 584 373 667 etoptime
395 572 618 646 exercitatam
643 582 679 644 in
704 583 771 645 boc
795 584 872 645 loco
896 583 1026 645 versari
1051 584 1153 647 nihil-

81 713 148 778 que
182 692 252 755 hue
285 691 353 753 nisi
386 690 576 774 perfectum
612 689 752 770 ingenio
787 696 820 751 et
856 690 1072 752 elaboratum
1103 690 1153 752 in-

81 801 215 865 dustria
251 798 364 861 afferri
400 797 581 880 oportere.l
635 799 755 879 ltaque
791 797 827 860 in
861 797 936 860 loro
970 816 1025 860 me
1059 797 1156 880 prius

82 907 231 972 exerceri
266 905 360 969 rolui
394 912 426 968 et
455 906 502 967 ita
533 924 588 967 me
613 904 759 982 exercui,
787 911 824 966 ut
849 905 935 967 nulli
959 905 1153 968 amicorum

85 1033 254 1098 umquam
279 1012 459 1077 defuerim.

174 1141 200 1219 l,
224 1141 244 1202 5
260 1137 283 1222 ξ
298 1140 319 1200 8
342 1137 519 1220 mopnifice
544 1134 665 1201 uideri²
678 1174 721 1180 —-
735 1174 776 1180 —
790 1175 832 1181 —
857 1137 932 1200 Tali
958 1137 1061 1218 igiun
1084 1145 1155 1201 ule-

85 1269 163 1312 mur
183 1246 342 1329 exemplo
360 1245 485 1321 Roscii,
503 1264 606 1327 quem
631 1244 736 1326 paulo
754 1250 832 1306 ante
850 1251 1050 1307 accusatum
1069 1244 1154 1307 dixi-

87 1374 208 1418 musa
232 1352 410 1417 Clodianis
441 1351 621 1431 militibus,
647 1357 684 1413 ut
708 1370 788 1413 eum
813 1352 857 1413 ab
882 1351 1071 1414 hereditate
1095 1372 1153 1434 pa-

87 1461 146 1525 tris
171 1460 393 1543 depellerem:
430 1459 532 1522 Nulla
557 1459 646 1521 inter
669 1464 782 1520 tantas
809 1459 967 1521 molestia
991 1458 1156 1522 sollicitu-

85 1569 184 1632 dines
221 1567 364 1630 Roscius
400 1566 560 1647 alficitur,
592 1565 735 1644 iudices,
764 1585 845 1628 cum
869 1567 1007 1649 proprie
1031 1566 1154 1628 intelli-

84 1681 141 1758 gat
164 1694 227 1738 vos
251 1673 454 1738 huiusmodi
484 1693 568 1753 esse,
593 1679 630 1735 ut
654 1673 768 1734 nullas
793 1673 1042 1737 Clodianorum
1068 1673 1156 1735 mili-

86 1789 161 1845 tum
185 1780 298 1844 minas
332 1780 536 1858 formidetis,
573 1781 686 1843 rmllas
719 1781 868 1842 audiatis
902 1800 1020 1863 preces
1045 1800 1157 1863 neque

88 1889 159 1953 ullo
192 1888 322 1969 argenti
353 1889 471 1951 aurive
507 1887 659 1969 pondere
684 1888 906 1966 moveamini,
932 1887 1016 1969 quin
1042 1887 1158 1968 ipsum

87 1996 352 2074 adolescentem,
377 1994 567 2077 praesertim
592 1992 839 2073 innocenteml,
864 1994 908 2055 ab
933 1994 1064 2076 impetu
1082 2013 1156 2055 cru-

88 2104 219 2167 delium
244 2102 430 2166 hominum
455 2100 658 2164 defendatis.

112 2238 115 2247 '
178 2230 204 2308 l,
229 2231 249 2292 5
272 2227 294 2312 ξ
318 2231 338 2291 8
362 2227 561 2291 existimatio
595 2230 692 2290 Bono
726 2228 866 2310 quidem
900 2234 932 2289 et
956 2228 1089 2310 optimo
1114 2227 1157 2289 ci-

89 2337 177 2401 vitas
202 2342 319 2399 nostra
344 2335 470 2419 pendet
494 2335 635 2413 iudici0,
660 2355 740 2397 cum
765 2335 917 2397 sciamus
940 2334 999 2396 lali
1022 2334 1160 2414 ingenio

89 2464 151 2507 ros
176 2464 250 2506 esse
273 2443 448 2526 praeditos,
474 2448 510 2504 ut
535 2442 664 2503 nullius
689 2441 838 2503 timeatis
856 2440 1011 2518 iniurias,
1030 2441 1159 2503 nullius

89 2549 301 2630 inimicitias,
341 2550 477 2612 nullum
517 2548 666 2630 denique
705 2549 875 2631 impetum
920 2547 1160 2629 improborum

90 2657 286 2736 hominum,
311 2657 371 2740 qui
396 2657 555 2720 animum
579 2664 731 2720 vestrum
757 2656 801 2718 ab
823 2656 939 2718 olficio
957 2655 1159 2717 deterreant.

181 2783 207 2861 1,
231 2780 523 2866 5§8expeclnlio
549 2785 637 2846 Cum
663 2783 729 2844 boc.
754 2782 800 2844 ila
826 2781 880 2860 sit,
905 2780 1047 2858 iudices,
1065 2781 1161 2842 rmlla

90 2887 214 2952 incidit
245 2887 417 2952 dubitatio
451 2890 539 2951 inter
568 2896 704 2952 nostros
734 2889 836 2967 cives,
861 2889 945 2970 quin
971 2888 1160 2950 absolvatis

90 2995 185 3058 hunc
218 3003 439 3078 praestantem
468 2997 734 3074 adolescentem,
758 2995 818 3078 qni
843 2995 887 3057 ab
913 2995 1081 3077 improbis
1107 3015 1160 3058 ac·
1241 3074 1246 3084 Ι

91 3109 232 3166 eusatur
256 3105 381 3184 solum,
406 3111 444 3166 ut
468 3125 548 3167 eum
574 3104 614 3167 de
639 3103 794 3186 paternis
820 3103 922 3165 bonis
947 3103 1081 3166 eiciant.

183 3230 208 3308 l,
221 3232 241 3291 6
253 3227 275 3313 ξ
288 3232 308 3292 9
321 3251 389 3292 rem
406 3231 483 3312 [pm
495 3229 645 3311 bomine]
671 3229 835 3310 Pyrrhus
853 3250 910 3290 rex
929 3228 1161 3310 Epirotarum,

93 3335 253 3399 omnium
278 3356 342 3399 suo
366 3344 520 3422 tempore
545 3337 775 3420 peritissimus
801 3336 848 3398 rei
874 3335 1043 3413 militaris,
1061 3355 1080 3397 a
1097 3336 1125 3396 Τ
1127 3354 1161 3396 a·

93 3443 237 3505 rentinis
262 3444 298 3506 in
323 3444 491 3507 auxilium
517 3451 670 3522 vocatus,
696 3441 769 3506 bis·l
794 3446 970 3506 Romanos
994 3441 1162 3504 exercitus

111 3640 123 3651 ³
184 3619 264 3683 ¹Cl'.
289 3629 350 3685 Cic.
376 3631 414 3685 de
438 3630 512 3702 imp.
538 3631 592 3685 Cn.
618 3631 725 3702 l'omp.
775 3631 879 3695 151.

184 3707 196 3743 ²
220 3718 374 3774 iudicatas
399 3722 495 3774 textus
520 3723 661 3790 receptus.

185 3797 197 3834 3
221 3807 433 3876 ignoscentem
459 3810 495 3867 b:
520 3809 718 3863 innocentem
744 3809 775 3862 V.
828 3798 836 3833 ¹
861 3808 908 3861 bis
933 3808 965 3874 V,
990 3806 1016 3859 is
1041 3805 1069 3859 h.
