2716 4254
587 245 765 311 „11-.

140 405 353 471 natissimus.
374 406 473 471 Unde
484 407 649 485 aitQuin-

139 516 297 579 tilianus:
333 515 463 594 Cicero,
497 521 535 578 ut
563 515 650 578 mihi

140 623 282 706 quidem
308 622 454 702 videtur,
472 628 507 685 et
529 623 651 685 iucun-

140 731 205 793 dus
216 730 464 813 incipientibus
471 749 609 813 quoque
621 735 652 793 et

140 837 652 921 apertussatisest,quinonian-

101 936 104 941 ’
140 951 215 1008 tum
227 945 652 1028 prodesse,sedamaripo-

140 1059 214 1117 test.
232 1054 378 1131 Tum,ut
390 1053 538 1136 quisque
548 1052 653 1115 simil-

139 1161 244 1223 limus
258 1161 445 1236 Ciceronis,
454 1161 516 1223 erit
528 1161 652 1223 Roma-

140 1268 175 1330 ni
189 1268 364 1331 maximus
379 1274 500 1331 auctor
511 1267 652 1351 eloquii.

185 1376 211 1454 1,
233 1378 252 1438 3
274 1373 296 1459 ξ
316 1377 348 1454 4,
367 1374 516 1438 quentio
537 1395 653 1437 consu·
745 1375 862 1453 Quint.
886 1375 943 1455 lv,
960 1377 980 1437 3
996 1372 1019 1459 ξ
1037 1378 1091 1437 12;
1114 1376 1213 1438 Hanc

140 1481 241 1545 mitur
264 1483 312 1545 Ac
332 1482 361 1545 si
384 1483 486 1562 dicat,
503 1482 548 1545 ita
567 1482 652 1544 diri·
700 1489 833 1565 partem
856 1487 1065 1569 παρέκβασιν
1087 1488 1214 1545 vocant

139 1589 243 1669 ditur,
267 1596 305 1652 ut
334 1591 413 1672 plus
442 1609 514 1652 non
538 1595 652 1653 restat.
700 1591 820 1670 Gracci,
835 1590 948 1653 Latini
967 1607 1141 1672 egressum
1160 1590 1212 1652 vel

139 1696 239 1759 Multi
258 1703 375 1760 tamen
393 1697 527 1760 addunt
544 1714 651 1777 egres·
699 1698 941 1779 egressionem.
977 1733 1018 1743 —
1053 1733 1096 1743 -
1125 1694 1147 1781 ξ
1173 1698 1212 1758 14

138 1803 284 1882 sionem,
320 1804 380 1867 sed
416 1823 455 1867 ea
492 1812 542 1868 est
572 1824 652 1887 pars
700 1810 911 1891 Hootxssamg
926 1812 987 1884 est,
999 1811 1035 1867 ut
1046 1823 1123 1867 mea
1138 1804 1213 1886 qui-

139 1911 424 1974 confirmationis
456 1912 545 1974 Nam
563 1931 651 1975 sem·
697 1912 776 1974 dem
811 1912 875 1974 fert
909 1912 1039 1994 opinio,
1064 1911 1211 1974 alieuius

140 2018 649 2100 perpositaestadcontirman-
697 2018 757 2097 rei,
782 2019 842 2081 sed
866 2019 911 2082 ad
932 2018 1115 2082 utilitatem
1133 2036 1213 2100 cau-

139 2114 235 2205 dum,
248 2132 285 2188 ut
297 2126 458 2189 ilioneus
485 2127 546 2188 Est
558 2127 655 2188 locus
702 2146 748 2189 sae
765 2126 980 2209 pertinentis,
1002 2132 1097 2189 extra
1122 2125 1213 2187 ordi-

140 2231 332 2316 Hesperia.1
355 2234 454 2298 Unde
468 2233 651 2312 Quintilia-
699 2254 778 2295 nem
804 2253 988 2296 excurrens
1012 2233 1180 2296 tractatio.

139 2360 206 2403 nus
232 2339 282 2404 sic
303 2341 474 2404 definivit:
495 2341 654 2423 Egressio

140 2453 189 2510 est
202 2447 385 2530 dispositio
399 2448 447 2511 rei
461 2454 554 2511 extra
571 2468 654 2527 rem,

140 2554 183 2616 ad
196 2574 269 2617 rem
282 2561 401 2618 tamen
413 2555 600 2638 pertinens.

185 2662 208 2734 Ι,
233 2659 327 2746 3§4
349 2661 516 2724 dissolutio
544 2700 587 2707 —
612 2700 653 2706 --
746 2661 864 2740 Quint.
888 2659 1059 2746 111,9§5
1081 2663 1212 2724 Tamen

140 2769 239 2831 Multi
262 2775 377 2832 tamen
398 2770 520 2832 volunt
536 2769 655 2833 confu-
702 2789 766 2832 nec
795 2770 837 2831 iis
862 2769 1048 2848 adsentior,
1073 2768 1133 2851 qui
1158 2768 1214 2830 de·

139 2876 305 2940 tationem
313 2877 652 2940 subconfirmatione
699 2878 842 2939 trahunt
859 2876 1111 2954 refutationem,
1128 2883 1213 2938 tam·

140 2984 309 3047 contineri
334 2990 365 3047 et
387 2984 434 3047 ita
452 3004 656 3063 connexam,
688 3005 810 3066 ·quam
848 2983 1046 3066 probationi
1082 2983 1215 3045 subiec-

140 3097 178 3154 ut
201 3091 353 3174 separari
371 3111 442 3154 non
459 3092 579 3174 possit.
613 3092 655 3152 Et
702 3098 783 3171 tani,
815 3098 853 3154 ut
892 3091 1104 3153 Aristotcles:
1141 3089 1217 3152 haec

139 3199 262 3262 volunt
290 3218 363 3262 esse
392 3204 528 3261 tantum
553 3199 653 3282 quin·
701 3198 794 3261 enim
820 3205 880 3278 est,
909 3219 987 3280 quae
1016 3197 1214 3276 constituat,

140 3324 206 3387 que
230 3311 344 3388 partes
368 3306 545 3369 orationis
586 3306 651 3369 Sed
699 3305 768 3386 illa,
793 3326 870 3388 quae
896 3305 1058 3367 destruat.

140 3413 657 3491 eosvehementererrareQuin·

139 3518 657 3603 tilianusostenditpropterra·

142 3627 213 3690 rios
238 3646 357 3690 earum
375 3628 525 3690 effectus.
567 3628 656 3690 Nam

107 3811 118 3831 ο
140 3734 235 3797 aliud
256 3741 306 3798 est
323 3754 385 3797 sua
405 3735 612 3797 confirmare
626 3740 659 3796 et

139 3841 657 3905 aliudadversariosconfutare.

231 3967 241 4001 ¹
266 3974 310 4030 Cf.
335 3975 386 4044 vg,
411 3975 485 4030 Aen.
512 3975 534 4043 I,
558 3975 626 4035 521;
652 3974 713 4029 530.
