2716 4254
174 1150 244 1228 1‚2
276 1147 299 1231 ξ
326 1153 345 1212 2
380 1147 528 1212 Oratoris
564 1148 745 1231 officium
772 1151 880 1213 Totus
917 1150 974 1213 hic
1008 1150 1095 1214 liber
1119 1152 1155 1214 in

84 1262 247 1338 quattuor
281 1256 461 1319 volumina
496 1256 630 1319 divisus
666 1264 717 1322 est
752 1265 785 1321 et
820 1258 910 1321 mate
941 1257 1084 1341 quidam
1119 1258 1155 1321 iu

86 1362 241 1445 quinque
275 1363 406 1444 dicunt,
442 1364 605 1427 facientes
630 1385 741 1426 unum
765 1364 894 1428 librum
919 1384 996 1427 eam
1020 1371 1154 1448 partem

85 1469 210 1552 quarti,
234 1470 269 1534 in
293 1491 363 1554 qua
387 1471 542 1534 confutat
559 1473 707 1552 Graecos,
728 1471 787 1554 qui
810 1472 972 1535 dicebant
996 1473 1154 1556 exempla

83 1576 129 1640 ab
154 1577 230 1640 aliis
254 1585 287 1642 et
310 1598 382 1641 non
406 1598 448 1641 ex
471 1599 507 1641 se
531 1579 616 1662 ipsis
641 1599 715 1642 esse
739 1579 920 1642 sumenda.
935 1616 1089 1625 ---

173 1721 199 1800 1,
223 1724 243 1783 2
259 1719 282 1804 ξ
297 1724 317 1784 3
342 1721 545 1785 Exercitatio
562 1724 606 1786 Ut
622 1722 790 1804 Vergilius
806 1722 900 1785 fecit:
931 1723 1020 1785 Nanr
1042 1723 1152 1806 prius-

83 1847 189 1910 quam
225 1827 363 1911 publice
398 1808 532 1912 aliquid
567 1830 740 1907 scriberet,
765 1829 1098 1912 scripsit’Moretum
1123 1837 1155 1893 et

83 1935 192 1998 multa
227 1936 307 2016 alia,
342 1943 380 1999 ut
412 1937 723 2020 promptitudinem
760 1942 985 2019 compararet.
1033 1937 1153 2000 Cicero

80 2062 221 2125 quoque
255 2043 364 2106 multa
389 2044 557 2107 convertit
580 2044 617 2106 iu
640 2044 800 2123 latinum,
824 2043 961 2127 scripsit
985 2049 1017 2106 et
1040 2043 1152 2106 decla-

82 2149 199 2213 mavit.
244 2151 408 2214 Solebant
431 2152 535 2220 etiam
560 2152 694 2234 antiqui
719 2172 754 2214 se
779 2170 933 2214 exercere
958 2149 994 2212 in
1017 2151 1152 2214 thema·
1263 2232 1270 2237 -

80 2257 175 2319 tibus
207 2257 307 2338 fietis,
333 2264 370 2320 ut
402 2259 512 2322 facere
536 2260 805 2338 accusationem,
830 2258 1068 2322 defensionem
1094 2259 1151 2321 de-

84 2364 174 2427 inde.
199 2402 243 2410 -
268 2402 311 2410 -

171 2510 197 2589 1,
221 2513 241 2572 3
265 2509 287 2594 ξ
310 2512 331 2577 4
352 2509 580 2594 proeporutur¹
617 2513 760 2592 Propter
793 2508 1066 2572 insinuationem
1092 2528 1154 2592 per

83 2636 187 2699 quam
213 2617 352 2680 animus
376 2618 545 2681 auditoris
570 2626 639 2681 non
666 2617 869 2698 intelligenS,
894 2616 978 2699 quid
995 2617 1077 2680 velit
1102 2615 1152 2678 di-

81 2743 167 2804 cere,
192 2732 413 2808 praeparatur.
463 2727 507 2789 Ut
539 2726 568 2786 si
602 2725 680 2807 quis
712 2744 816 2788 orans
841 2744 903 2806 pro
920 2724 993 2786 filio
1018 2723 1152 2786 Cicero-

80 2831 136 2893 nis
169 2831 213 2895 ad
247 2832 416 2896 iudicium
446 2833 597 2895 adducto
633 2833 738 2895 dicat:
777 2832 887 2894 Nemo
911 2837 962 2893 est
987 2836 1152 2910 vestrum,

80 2938 224 3018 iudiceS,
258 2941 318 3023 qui
352 2940 494 3021 ignoret,
524 2946 673 3021 quantos
697 2940 844 3017 labores,
869 2945 1018 3021 quantas
1044 2938 1153 3000 animi

82 3046 258 3109 molestias
284 3047 459 3110 Ciceronis
483 3053 580 3130 pater
603 3066 728 3128 passus
749 3047 803 3126 sit,
821 3046 905 3108 dum
927 3045 1079 3108 studeret
1094 3065 1153 3128 pa-

80 3152 183 3216 triam
208 3174 228 3217 a
252 3155 416 3217 manibus
450 3154 605 3217 hostium
629 3154 784 3216 liberare.
833 3155 947 3232 Quare
972 3174 1051 3216 cum
1078 3154 1152 3215 nui-

80 3261 153 3323 lum
178 3282 240 3344 pro
265 3263 332 3325 hac
356 3282 391 3324 re
415 3261 599 3347 praemium
623 3281 643 3323 a
668 3262 770 3323 nobis
795 3268 892 3344 pater
915 3260 1041 3339 tuterit,
1059 3280 1155 3323 nuno

79 3374 217 3453 tempus
242 3376 302 3450 est,
328 3376 365 3432 ut
389 3368 545 3432 Ciceroni
570 3369 642 3432 filio
667 3369 896 3432 conferamus,
922 3406 966 3412 —
989 3405 1033 3412 —-

171 3513 197 3591 1,
221 3514 241 3575 4
268 3511 291 3596 ξ
318 3516 338 3575 6
363 3532 430 3594 quo
459 3533 494 3574 re
522 3533 624 3575 consu
653 3512 695 3574 sit
725 3512 861 3573 honesto
888 3511 963 3572 Hoc
987 3509 1067 3572 fecit
1091 3530 1154 3591 pro

80 3619 206 3682 Archia
239 3626 352 3703 poeta,
376 3620 437 3702 qui
468 3639 548 3682 eum
573 3619 694 3682 litteris
718 3618 836 3699 graecis
867 3618 1075 3680 instruxerat
1101 3613 1154 3700 [eti

173 3833 182 3868 ¹
208 3845 382 3915 apparatur
406 3841 492 3899 codd.
520 3840 557 3909 bt,
582 3841 636 3898 ulii
660 3855 761 3897 uocem
790 3839 943 3899 omittunt.
1142 3920 1165 3965 Ἃ
