2716 4254
654 198 697 257 93
750 229 763 237 .

141 377 223 420 cum
247 356 377 420 codicis
402 354 426 418 h
450 355 618 436 partibus,
638 373 726 437 quas
742 353 863 417 formis
883 354 1073 437 descriptas
1090 352 1209 432 habui,

141 464 229 528 ratio
255 464 487 528 intercederet.
534 463 585 524 Ad
607 462 746 525 brevem
763 461 924 525 codicum
941 460 1209 544 descriptionem

141 571 210 634 iarn
235 578 383 635 transeo.

230 679 258 740 Α
274 678 393 742 codice
411 663 824 752 Mediceo·Laureutiano,
837 675 932 759 (plut.
947 679 990 739 90
1007 695 1095 758 sup,
1112 695 1207 738 num.

140 788 205 865 87),
229 785 368 848 initium
402 784 548 868 capiam.
597 785 658 846 Est
691 784 989 863 membranaceus
1014 802 1090 847 saec.
1116 783 1209 861 Xlll,

140 894 224 956 rhet.
259 892 304 955 ad
340 893 418 955 Her.
454 890 636 956 continens
669 880 750 955 cum
783 891 926 955 scholiis
959 890 1144 955 uberrimis
1173 890 1208 953 in

141 1000 296 1082 margine
312 998 506 1082 adscriptis.
531 998 705 1062 Describit
720 1018 799 1061 eum
818 998 979 1078 Bandini,
996 997 1041 1082 (q.
1055 1018 1086 1061 v.
1100 998 1208 1063 Catal.

141 1108 241 1171 codd.
268 1107 337 1170 latt.
363 1107 401 1169 T.
427 1109 459 1184 3,
483 1126 515 1189 p.
540 1102 626 1190 673).
686 1106 777 1169 Huic
812 1105 923 1170 codici
947 1105 1099 1190 (notatur
1121 1104 1207 1169 mihi

141 1215 251 1278 littera
275 1211 309 1298 f)
333 1233 413 1277 cum
438 1212 463 1276 h
487 1230 684 1296 permagnae
708 1216 790 1276 sunt
813 1212 1070 1276 similitudines.
1117 1213 1210 1275 Inest

143 1322 360 1402 prooemium
397 1319 575 1402 quoddam
611 1318 762 1403 (initium
787 1320 862 1385 eius
886 1320 922 1383 in
946 1317 1032 1383 fita
1057 1319 1207 1382 deletum

141 1435 202 1507 est,
239 1435 276 1491 ut
311 1428 375 1510 legi
411 1448 482 1490 non
518 1424 650 1511 possit),
683 1427 783 1491 cuius
807 1428 843 1490 in
867 1425 892 1490 h
916 1447 1056 1510 quoque
1079 1425 1208 1490 similia

141 1537 205 1617 legi
241 1542 411 1619 possunt„
456 1535 522 1598 Sed
557 1532 577 1597 f
605 1535 663 1598 hic
688 1541 820 1599 textum
845 1535 1023 1598 meliorem
1047 1534 1209 1597 habetet

140 1644 330 1726 pleniorem
358 1662 465 1727 quam
489 1639 524 1705 lr.
572 1642 731 1706 Ceterum
756 1642 859 1705 iniis
884 1641 1105 1725 potissimum
1131 1660 1207 1725 par-

139 1750 244 1828 tibus,
279 1770 358 1834 quae
390 1751 434 1813 ad
470 1748 599 1813 librum
638 1755 801 1833 ‹prarlum
840 1751 1012 1833 pertinent
1046 1748 1207 1833 (quarum

140 1858 331 1941 specimina
365 1858 474 1921 habes
509 1877 565 1940 pp.
591 1855 745 1940 42-92),
774 1857 895 1920 eadem
920 1856 1052 1920 scholia
1077 1856 1112 1919 in
1137 1853 1207 1919 fet

141 1965 175 2028 in
201 1963 226 2028 h
250 1984 341 2048 saepe
366 1963 599 2028 inveniuntur.

229 2072 378 2135 Perusiae
412 2072 447 2134 in
479 2071 668 2135 Biblioteca
693 2072 885 2135 Comunale
920 2071 1029 2136 codex
1062 2070 1207 2154 quidam

140 2181 352 2256 chartaceus,
393 2198 468 2242 saec.
511 2179 616 2253 XlV,
641 2186 848 2258 asservatur,
886 2199 956 2263 quo
992 2178 1079 2241 nihil
1116 2177 1212 2241 aliud

142 2287 339 2351 continetur
371 2286 439 2350 nisi
474 2286 661 2351 rhetorices
690 2287 735 2350 ad
761 2286 1211 2349 Herenniumcommeuta-

145 2394 227 2458 rius.
276 2395 316 2456 ln
341 2394 496 2475 catalogo
521 2412 540 2456 a
566 2393 764 2457 Mazzatinti
781 2394 938 2458 confecto
955 2391 1141 2476 (lmentari
1158 2391 1213 2454 dei

142 2501 359 2566 manoscritti
383 2500 471 2564 delle
489 2500 988 2579 Biblioteched’Italia,r015‚
1006 2519 1038 2582 p.
1059 2498 1133 2583 104)
1151 2519 1212 2562 nu-

144 2628 279 2672 merum
315 2607 420 2671 habet
456 2609 518 2670 237
556 2608 608 2686 (D.
634 2606 705 2691 55);
731 2628 750 2670 a
776 2628 830 2671 me
853 2625 876 2690 p
901 2613 1049 2671 notatur.
1097 2606 1214 2671 Codex

142 2732 165 2797 p
201 2735 340 2799 quoque
368 2715 588 2798 prooemium
623 2715 709 2778 illud
745 2717 860 2795 habet,
896 2716 940 2779 ad
975 2714 1120 2778 verbum
1145 2713 1214 2776 fere

146 2842 226 2886 curn
260 2829 355 2886 textu
389 2823 424 2885 in
456 2819 630 2885 fservato
655 2837 865 2905 congruens.
906 2824 954 2886 Ac
977 2821 1060 2885 satis
1084 2821 1213 2885 mirum

144 2931 212 2994 hoc
248 2930 357 2994 rideri
392 2936 515 3013 potest,
551 2929 645 3011 quod
679 2937 830 2993 ceterum
856 2931 942 2993 adeo
966 2929 1140 3009 differunt,
1165 2935 1213 3008 ut,

144 3056 360 3120 quamquam
384 3054 419 3119 p,
443 3037 533 3100 sicut
555 3034 582 3116 f,
607 3056 678 3101 non
702 3056 780 3101 raro
805 3057 885 3102 cum
909 3036 987 3101 hin
1004 3037 1119 3122 quarti
1134 3037 1213 3101 libri

143 3145 299 3227 partibus
324 3145 527 3225 consentiat,
551 3152 669 3209 tamen
693 3142 714 3207 f
733 3151 811 3227 etp
837 3165 1012 3229 nusquam
1034 3145 1103 3209 fere
1120 3145 1212 3208 idem

143 3252 301 3316 scholion
335 3252 497 3316 habeant.
547 3254 663 3331 Quare
687 3253 716 3316 si
741 3251 899 3316 scholion
925 3253 1104 3336 quoddam
1128 3248 1212 3314 inb

141 3364 173 3422 et
209 3359 245 3421 in
279 3355 299 3420 f
330 3359 462 3440 legitur,
498 3360 532 3422 iu
564 3377 587 3442 p
621 3360 739 3424 deesse
764 3361 864 3437 solet,
889 3367 1009 3424 contra
1033 3360 1062 3423 si
1086 3358 1111 3423 h
1135 3365 1213 3441 etp

144 3466 285 3546 habent,
318 3463 339 3528 f
350 3465 484 3530 ‘deficit
531 3467 580 3531 Ac
604 3468 633 3530 si
657 3503 699 3512 —
725 3467 820 3550 quod
844 3487 935 3550 saepe
960 3466 1086 3532 accidit
1110 3467 1212 3528 -in

145 3571 169 3635 h
193 3573 273 3656 plus
297 3593 369 3636 una
393 3573 550 3637 definitio
574 3574 692 3656 figurae
717 3573 899 3637 cuiusdam
929 3574 1108 3639 rhetoricae
1133 3574 1212 3655 legi·

143 3686 209 3760 tur,
233 3681 439 3764 plerumque
463 3682 588 3745 harum
613 3682 756 3744 alteram
776 3677 806 3761 f,
831 3682 973 3746 alteram
997 3699 1020 3764 p
1044 3680 1158 3745 habet.

231 3789 270 3850 ln
307 3787 428 3851 eadem
464 3788 687 3868 bibliotheca,
723 3789 783 3852 ubi
817 3806 840 3871 p
873 3795 1040 3876 servatur,
1064 3790 1211 3853 alterum

141 3894 276 3978 inspexi
302 3895 469 3975 codicem,
494 3896 529 3957 in
554 3896 709 3979 catalogo
735 3895 1227 3979 Mazzatintiauoilnxeuxax‘x
