2716 4254
592 215 768 273 *85*

233 371 287 450 lV,
311 373 354 433 45
377 369 400 453 ξ
423 374 465 434 59
489 370 617 454 dispari
641 373 680 434 ln
707 373 774 434 lioc
797 377 848 434 est
873 371 1008 435 diversa
1033 373 1213 436 sententia.

141 478 340 541 Similitudo
365 479 480 561 itaque
505 478 660 541 nascitur
683 498 724 541 ex
748 478 851 542 rebus
876 486 907 541 el
933 486 1075 543 ornatus
1099 497 1214 543 rerum

141 593 193 649 est
226 583 462 670 [magnificum
497 583 569 670 estl,
603 586 685 669 quia
718 586 882 650 similatio
916 606 957 649 ex
980 587 1084 649 rebus
1108 592 1159 650 est
1182 593 1215 650 et

142 694 223 768 inde
246 694 393 777 pulchra
417 677 537 757 oratio.
572 695 616 757 Et
639 700 676 756 ut
700 700 803 777 patet,
828 693 991 757 describit
1014 694 1073 758 hie
1089 694 1214 758 oratio-

141 820 233 882 nem,
257 803 294 864 in
328 820 397 884 qua
426 808 477 864 est
501 807 644 864 ornatus
669 802 732 865 iste
756 822 819 885 pro
844 809 978 866 ornatu.
1026 802 1069 864 Et
1093 801 1214 864 simili-

139 909 224 972 ludo
259 908 385 971 dicitur
420 916 492 972 tarn
528 909 639 972 oratio
675 928 781 991 quarn
819 916 972 973 ornatus.
1021 907 1104 972 Tres
1134 916 1215 972 sunt

142 1017 235 1080 enim
260 1017 447 1079 orationes:
473 1015 646 1102 παραβολή,
667 1016 692 1078 i.
710 1035 738 1079 e.
756 1015 931 1097 similatio,
954 1017 1080 1099 inqua
1105 1017 1214 1080 multa

143 1124 260 1186 inultis
294 1130 555 1207 comparantur3
587 1123 688 1204 εἰκών,
722 1124 742 1186 i.
768 1144 796 1187 e.
822 1123 947 1205 imago,
976 1124 1012 1206 in
1037 1142 1106 1207 qua
1130 1125 1213 1187 assi·

140 1232 281 1294 milatur
304 1231 417 1294 forma
441 1233 494 1294 vel
520 1238 644 1294 natura
669 1231 774 1294 unius
799 1231 847 1295 rei
872 1231 994 1294 formae
1010 1232 1064 1294 vel
1082 1238 1213 1294 naturae

142 1338 297 1415 alterius;
323 1339 531 1421 exemplum,
566 1338 608 1402 de
638 1358 709 1401 uno
734 1339 840 1401 simili
864 1338 909 1402 ad
934 1337 1039 1401 aliud.
1088 1338 1214 1402 Simili-

140 1447 225 1510 tudo
254 1447 291 1508 in
315 1445 409 1528 gravi
434 1446 543 1528 figura
568 1445 761 1529 plurimum
785 1447 885 1510 valet.
934 1447 972 1509 ln
998 1446 1213 1508 demonstra·

141 1555 212 1617 tivo
237 1554 341 1617 etiam
365 1571 487 1635 genere
508 1560 621 1637 potest
637 1556 761 1635 valere,
778 1554 860 1635 quia
877 1554 992 1618 valent
1008 1552 1053 1616 ad
1070 1552 1213 1618 laudan·

140 1661 225 1724 dum
257 1663 310 1724 vel
343 1661 612 1743 vituperandum
643 1659 1037 1743 aliquemhuiusmodi
1053 1661 1214 1724 similitu-

141 1768 250 1832 dines,
299 1769 339 1830 ln
364 1767 629 1831 confirmatione
654 1775 686 1831 et
710 1769 978 1851 reprehensione
1002 1767 1106 1831 etiam
1129 1769 1213 1852 poni

139 1882 262 1958 potest.
295 1876 335 1937 ln
360 1875 557 1938 narratione
580 1875 682 1953 valet,
704 1874 846 1958 quando
871 1880 1037 1938 tractatur
1060 1894 1120 1957 per
1138 1876 1212 1938 bre·

141 1983 294 2045 vitatem.

232 2090 287 2169 IV,
311 2092 354 2152 45
378 2088 400 2173 ξ
424 2092 465 2153 59
498 2088 627 2172 aliquid
656 2088 760 2152 simile
789 2089 923 2153 adrem
950 2089 1147 2174 qrmmpiom
1174 2111 1215 2153 ex

141 2218 174 2260 re
198 2195 353 2281 dispari.l
401 2198 440 2259 ln
465 2198 531 2260 hoc
556 2202 607 2260 est
631 2196 767 2260 diversa
792 2198 971 2261 sententia.
1018 2197 1108 2276 Quia
1134 2197 1212 2260 duae

144 2325 197 2368 res
234 2304 359 2389 dehent
395 2323 469 2367 esse
505 2304 650 2367 diversae
685 2311 718 2367 et
746 2303 816 2392 duo
841 2304 890 2367 eis
914 2305 1110 2383 convenire,
1135 2325 1213 2387 qua·

143 2418 392 2494 comparantur
424 2411 513 2474 inter
545 2431 591 2473 se.
640 2410 682 2474 Et
714 2410 796 2473 inde
825 2431 878 2473 res
903 2411 1059 2494 dispares
1083 2410 1214 2474 habent

143 2518 347 2582 similiorem
388 2518 667 2582 convenientiam
709 2524 741 2580 et
781 2517 945 2580 dicuntur
985 2518 1127 2581 similes.
1175 2523 1214 2580 Et

75 2682 77 2685 .
144 2627 218 2689 haec
249 2632 300 2689 est
327 2625 505 2709 parabola,
531 2625 724 2688 ubimulta
750 2625 868 2688 multis
893 2631 1152 2708 comparantur,
1177 2631 1214 2687 ut

94 2778 96 2782 ι
145 2733 277 2797 'civitas
313 2732 418 2795 habet
452 2737 631 2810 rectorem,
667 2732 756 2795 sicut
791 2731 890 2795 navis
924 2732 1211 2813 gubernatorem’.

145 2841 222 2902 lstae
256 2840 333 2902 duae
368 2860 420 2902 res
449 2838 605 2917 diversae,
629 2839 751 2902 civitas
775 2845 808 2902 et
831 2840 942 2914 navis,
967 2839 1001 2901 in
1027 2843 1157 2901 rectore
1182 2845 1214 2901 et

143 2946 372 3027 gubernatore
396 2952 652 3029 comparantur.
701 2947 899 3009 Similitudo
924 2963 1003 3027 ergo
1028 2951 1079 3009 est
1102 2945 1213 3008 oratio

143 3053 330 3118 ostendens
363 3054 496 3136 aliquid
530 3053 643 3116 simile
673 3054 762 3116 inter
785 3073 838 3116 res
863 3052 1032 3136 dispares,
1057 3051 1213 3135 dispares

92 3148 95 3156 ¹
144 3161 234 3240 dico,
259 3180 329 3224 non
354 3161 555 3239 contrarias,
581 3160 640 3223 sed
665 3178 808 3244 quoquo
834 3159 939 3222 modo
965 3159 1130 3223 diversas.

143 3383 144 3386 Ἴ
234 3305 290 3375 lv,
314 3306 356 3367 49
380 3303 403 3386 ξ
426 3307 468 3368 62
498 3303 699 3387 Exemplum
725 3308 770 3366 esl
793 3299 999 3388 Παράδειγμα
1023 3322 1104 3365 oum
1129 3302 1212 3365 certi

143 3412 294 3474 auctoris
328 3412 479 3474 nomine.
528 3411 610 3473 Post
642 3409 736 3474 enim
770 3409 1036 3473 similitudinem
1070 3409 1140 3490 agit
1170 3409 1213 3471 de

121 3519 313 3602 exemplo,
346 3518 472 3609 deinde
505 3518 596 3581 dicet
629 3518 671 3580 de
702 3517 863 3598 imagine.
913 3517 963 3579 lta
987 3523 1055 3580 tres
1080 3517 1213 3579 colores

143 3625 242 3708 ponit
275 3624 468 3689 secundum
500 3630 569 3687 tres
599 3624 730 3707 species
761 3622 1010 3686 similitudinis.
1035 3658 1078 3669 —
1104 3658 1145 3668 -
1169 3658 1213 3667 —

144 3733 351 3815 Exemplum
378 3738 439 3811 est,
463 3751 543 3794 cum
569 3751 609 3794 ex
634 3737 725 3794 certa
750 3749 898 3813 persona
922 3730 977 3793 vel
995 3750 1035 3793 ex
1051 3729 1142 3792 facto
1159 3730 1213 3792 vel

237 3893 244 3926 ¹
270 3901 337 3955 Alio
362 3900 468 3954 ordine
492 3900 522 3954 in
548 3899 632 3955 codd.
658 3899 722 3954 lroec
746 3898 836 3954 verbu
861 3899 1015 3970 loquutur.
