2716 4254
590 127 801 224 -24-⁷

138 330 170 388 et
193 330 326 387 textum
351 324 388 386 in
413 324 436 387 h
461 323 632 386 rationem
656 323 866 386 intercedere
883 322 1057 406 apparet.1
1089 325 1154 387 Sed
1172 331 1210 387 ut

137 431 336 495 vetustioris
368 436 470 510 notae,
500 436 538 492 ut
568 431 616 493 ita
640 430 767 510 dicam,
792 451 898 513 quam
923 437 1035 494 textus
1061 432 1210 494 scholio·

137 559 216 601 rum
248 539 415 602 lemmata
451 538 627 601 interdum
661 544 752 618 suni,
786 538 833 600 ita
864 558 944 600 cum
977 538 1112 601 mendis
1137 559 1209 601 non

138 651 288 725 careant,
325 645 370 708 ad
406 664 479 708 rem
513 645 669 708 criticam
703 665 773 708 non
813 646 962 708 multum
989 646 1102 708 valere
1130 665 1209 727 pos-

137 759 229 816 sunt.
276 752 623 815 Nonnullostamen
656 753 751 815 locos
780 753 900 815 afferre
926 753 1023 815 libet:
1058 752 1099 815 cf.
1130 773 1208 834 quae

138 859 228 922 infra
262 857 306 943 (p.
332 857 386 943 55]
411 859 455 921 ad
480 859 537 939 IV,
562 863 601 922 21
628 858 651 944 ξ
674 862 716 922 29
745 880 787 923 ex
819 859 1070 923 commentario
1104 859 1209 922 allata

139 973 233 1044 sunt3
260 967 342 1031 item
368 986 445 1049 quae
469 966 514 1028 ad
540 967 596 1046 IV,
614 964 752 1050 28539
770 964 813 1050 (p.
832 963 895 1052 63).
925 967 977 1029 Ad
995 967 1051 1045 IV,
1068 965 1208 1050 33§44

138 1074 297 1138 scholion
322 1080 373 1138 esi
390 1074 456 1136 sub
472 1075 635 1138 lemmate
652 1076 708 1137 Ex
724 1075 834 1137 codem
851 1095 980 1157 penem
997 1074 1208 1137 vocabulum

137 1201 179 1244 ex
202 1181 299 1258 nullo
317 1181 436 1245 codice
452 1181 619 1245 traditum
638 1181 820 1246 Omniboni
836 1182 1033 1246 emendatio
1050 1181 1208 1245 habetur.

138 1285 225 1352 Vide
250 1289 355 1352 etiam
380 1286 423 1372 (p.
450 1285 502 1374 79)
527 1289 571 1351 ad
597 1290 652 1368 IV,
678 1293 719 1353 39
743 1287 766 1374 ξ
789 1293 842 1369 51,
866 1290 927 1352 ubi
951 1289 1051 1352 lectio
1072 1288 1209 1352 emissus

139 1391 221 1480 (non
244 1393 477 1480 ferocissimus)
501 1396 714 1478 praeferenda
739 1397 875 1459 dicitur.

228 1504 304 1566 Una
328 1509 446 1566 tamen
479 1523 514 1566 re
548 1503 677 1566 mirum
711 1504 746 1566 in
781 1503 925 1566 modum
960 1503 1093 1566 scholia
1127 1523 1209 1566 curn

139 1610 261 1673 classis
284 1613 320 1671 M
345 1610 525 1674 codicibus
560 1612 590 1673 H
609 1612 678 1674 PB
713 1607 848 1696 (Marxii
877 1610 985 1691 signis
1014 1609 1103 1694 utor)
1128 1631 1210 1673 con-

137 1722 278 1798 gruunt,
303 1737 343 1780 eo
374 1717 468 1800 quod
500 1717 631 1781 similes
660 1718 806 1781 rubricae
832 1718 949 1781 multae
974 1718 1210 1781 inveniuntur.

141 1824 244 1901 Quod
269 1830 385 1888 autem
410 1844 481 1887 non
507 1825 612 1888 modo
637 1825 779 1904 simileS,
803 1825 863 1888 sed
886 1825 1015 1888 eaedem
1032 1862 1076 1869 -
1093 1846 1211 1908 eaeque

139 1932 225 2020 tales
265 1933 386 2017 quales
425 1931 591 1995 Articulus
628 1931 750 2015 prauis,
788 1931 1027 1995 Annominotio
1063 1933 1209 2010 irumiiis,

139 2038 216 2101 aliae
239 2075 283 2083 —-
307 2059 398 2121 saepe
433 2039 603 2120 leguntur,
638 2039 905 2103 admirationem
940 2040 1042 2102 nobis
1072 2060 1211 2104 movere

139 2151 261 2228 potest.
302 2146 409 2210 Cuius
433 2146 566 2227 generis
590 2146 736 2209 rubricae
761 2147 857 2208 utin
882 2148 917 2226 h,
935 2147 994 2208 ubi
1011 2166 1091 2209 cum
1110 2149 1210 2210 scho-

115 2329 120 2346 ,
140 2252 266 2315 liorum
291 2258 386 2316 textu
407 2253 577 2334 leguntur,
594 2252 695 2316 facile
716 2253 964 2334 intelliguntur,
982 2253 1028 2316 ita
1046 2254 1081 2317 in
1101 2256 1130 2316 H
1145 2256 1209 2318 PB

139 2359 223 2422 satis
257 2360 414 2423 obscurae
447 2360 556 2424 videri
585 2366 782 2443 potuerunt.
830 2362 949 2444 Neque
973 2361 1209 2426 dubitandum

139 2472 200 2547 est,
234 2467 320 2551 quin
349 2467 416 2531 illae
448 2468 594 2531 rubricae
619 2467 780 2530 codicum
806 2469 913 2532 HPB
939 2469 1008 2531 sint
1031 2488 1209 2532 commen·

137 2574 217 2636 tarii
255 2573 440 2637 cuiusdam
476 2575 577 2659 quasi
612 2575 777 2658 reliquiae.
826 2576 895 2653 Qui
934 2576 1207 2639 commentarius

229 2840 240 2877 ¹
266 2849 358 2918 Quod
382 2850 422 2906 ad
447 2851 561 2906 textum
587 2850 754 2906 rhetoricae
778 2850 818 2906 ad
844 2851 915 2906 Her.
941 2852 1058 2921 attinet,
1074 2855 1208 2924 qucmh

138 2939 267 3011 praebct,
292 2939 403 2994 Marxii
436 2939 547 2995 classis
579 2933 608 2994 Ε
638 2955 707 2995 esse
738 2940 770 2995 in
800 2945 909 3012 aperto
934 2945 988 3006 est,
1013 2958 1208 3015 quamquam

138 3028 310 3100 aliquando
335 3029 375 3084 ab
392 3045 427 3084 ea
445 3027 558 3098 differt,
574 3028 672 3085 velut:
691 3030 738 3098 IV,
754 3031 789 3085 54
806 3029 823 3096 ἓ
838 3031 873 3084 67
889 3030 911 3085 h
928 3030 1023 3086 habet
1040 3032 1206 3087 reuerentia

142 3140 176 3163 =
193 3115 229 3172 M
252 3114 327 3191 (non
350 3118 522 3190 frequentia
540 3141 573 3162 =
590 3113 634 3185 Ε).
674 3119 829 3175 Praeterea
853 3135 917 3174 non
942 3136 1015 3175 raro
1041 3121 1155 3176 mirum
1175 3122 1206 3176 in

138 3207 269 3263 modum
298 3224 371 3263 curn
398 3203 426 3262 C
450 3200 557 3282 (Marx,
581 3207 600 3263 l.
618 3224 642 3263 c.
661 3225 689 3280 p.
707 3208 750 3275 15)
774 3210 927 3279 congruit,
952 3214 997 3264 ut:
1024 3211 1071 3279 IV,
1089 3212 1122 3265 14
1139 3211 1156 3278 ἓ
1172 3211 1207 3266 20

138 3298 191 3369 qui
215 3297 246 3353 in
270 3297 359 3353 Italia
383 3296 504 3353 crudele
528 3295 639 3352 beilum
662 3301 828 3368 penserunt.
869 3299 916 3368 IV,
934 3299 968 3353 16
985 3299 1002 3366 ξ
1018 3300 1065 3354 23;
1090 3316 1210 3356 necesse

137 3390 180 3442 est
204 3388 237 3442 ut
260 3403 380 3458 quoquo
404 3387 496 3442 modo
517 3386 615 3457 possit
629 3386 771 3458 ueneficio
784 3391 874 3458 petat.
908 3389 989 3443 Curi
1023 3389 1118 3457 Quia.
1133 3434 1157 3444 ..
1177 3420 1208 3427 —

139 3476 186 3545 IV,
203 3476 319 3543 39551
345 3477 366 3532 h
390 3476 499 3532 habet:
531 3476 575 3531 leo
599 3476 736 3546 emissus,
762 3492 833 3548 quae
857 3476 950 3533 lectio
974 3478 1006 3533 in
1032 3479 1119 3533 nullo
1145 3479 1208 3534 alio

138 3564 247 3621 codice
272 3565 440 3636 invenitur,
465 3564 520 3621 sed
544 3564 697 3621 Lambino
721 3566 818 3621 tribui
843 3567 929 3622 solet.
949 3596 980 3605 -
1000 3569 1112 3639 Operae
1137 3584 1208 3640 pre-

137 3654 216 3711 tium
241 3654 373 3710 forsitan
397 3655 446 3725 sit,
471 3656 498 3711 si
522 3654 593 3726 quis
614 3655 745 3724 scholia,
763 3672 833 3727 quae
851 3656 950 3712 codex
968 3653 1001 3726 C,
1018 3658 1101 3712 notis
1118 3659 1207 3714 Tiro·

138 3742 240 3803 nianis
264 3745 390 3821 scripta,
414 3745 518 3818 habet,
543 3743 741 3821 inquisiverit
764 3742 872 3823 (Marx,
889 3744 907 3800 l.
925 3762 950 3801 c.
969 3746 1049 3801 Prol.
1068 3764 1096 3823 p.
1116 3743 1169 3823 17).
