2716 4254
593 178 771 239 ...43-

146 358 234 401 rum.
284 338 327 400 Et
350 339 425 401 haec
449 337 514 401 fuit
537 357 642 401 causa
667 356 773 419 quare
797 336 880 398 huic
897 336 984 399 libro
1002 335 1111 417 magis
1129 355 1213 418 prm-

144 445 262 529 posuit
285 446 467 528 prologum
493 464 598 526 quam
624 443 909 527 praecedentibus
934 443 1016 525 quia
1040 442 1077 506 iu
1094 442 1214 526 priori·

144 553 210 615 bus
246 551 334 614 nihil
368 558 488 615 contra
525 570 657 614 morem
699 552 896 614 Graecorum
932 550 1009 631 egit,
1043 550 1101 613 hic
1134 568 1215 613 vero

143 659 308 742 ponendo
340 659 480 742 propria
507 659 683 740 exempla,
720 658 883 739 relinquit
915 676 1036 719 eorum
1060 656 1213 738 vestigia.

116 768 187 847 ¹Et
222 767 311 847 ideo,
347 786 389 828 ne
423 766 524 828 stulte
548 765 584 827 in
608 766 677 828 hoc
700 764 857 828 videatur
881 764 1012 843 fecisse,
1037 763 1214 847 praemittit

144 874 374 956 prooemium.
400 909 443 918 -
467 910 509 918 -
535 909 578 918 —-

233 981 296 1044 lroc
319 979 403 1042 libro
427 978 688 1062 conscripsimus.
730 980 819 1060 Ergo
841 985 933 1041 totus
955 978 1012 1043 hic
1029 979 1116 1067 liber
1132 997 1212 1042 con-

142 1088 229 1152 tinet
253 1086 507 1151 confutationes
532 1088 729 1149 Graecorum
755 1092 787 1149 et
811 1085 1062 1148 exornationes.
1112 1085 1215 1163 Quod

144 1201 195 1258 est
218 1201 338 1258 contra
363 1213 432 1273 eos,
449 1194 509 1275 qui
526 1193 648 1256 dicunt
663 1193 733 1255 duo
750 1212 823 1256 esse
840 1192 1030 1256 volumina.
1068 1193 1111 1256 Et
1127 1192 1214 1254 hene

146 1301 271 1384 plurali
313 1321 459 1364 numero
493 1300 577 1363 dicit
617 1300 881 1383 conscripsimus,
915 1300 1081 1381 quoniam
1118 1299 1215 1382 prius

146 1407 272 1471 librum
297 1408 560 1490 conscripserat,
584 1427 690 1489 quam
715 1409 783 1471 hoc
806 1408 1025 1489 prooemium
1051 1406 1213 1469 audisset.

135 1515 189 1589 ,Et
212 1515 328 1599 posuit
351 1515 573 1597 praeteritum,
598 1515 680 1596 quia
702 1515 835 1598 antiqui
852 1514 1002 1597 perfecto
1019 1533 1121 1596 opere
1138 1532 1215 1596 pro·

144 1623 262 1705 logum
286 1622 545 1705 praeponebant.

235 1748 291 1826 IV,
315 1751 335 1810 3
359 1744 382 1830 ξ
405 1749 426 1809 4
451 1746 484 1808 in
508 1746 664 1810 studium.
713 1747 973 1825 Quidamlihri
998 1745 1128 1808 habent
1151 1750 1216 1807 stn-

147 1853 250 1935 dium,
287 1859 319 1916 et
354 1853 496 1935 ponitur
518 1853 566 1916 ibi
592 1854 743 1916 stadium
768 1874 830 1937 pro
855 1853 1015 1916 exercitio
1039 1852 1215 1914 formandi

144 1961 313 2044 exempla.
362 1961 405 2024 Et
428 1961 478 2023 sic
502 1961 741 2043 metaphoram
767 1961 972 2042 exsequitur.

235 2087 290 2164 IV,
315 2087 335 2148 3
358 2083 380 2168 ξ
404 2088 423 2148 5
448 2090 478 2148 el
499 2105 597 2147 suum
623 2085 760 2167 quisque
783 2085 840 2148 hic
865 2084 958 2148 aliud
986 2082 1041 2168 [sc.
1064 2082 1215 2147 ostendit

142 2189 402 2276 inconveniens]
428 2238 511 2272 *a*
536 2193 720 2274 apologum
755 2193 797 2255 de
830 2191 1007 2255 cornicula
1038 2190 1213 2254 denudata

144 2299 276 2381 plumis
300 2319 319 2362 a
344 2299 464 2363 ceteris
489 2298 639 2363 avibus.l

235 2422 290 2503 lV,
315 2427 335 2487 5
358 2422 381 2508 ξ
406 2427 423 2485 7
452 2424 567 2487 Galba.
617 2425 681 2486 Hic
715 2423 823 2486 Galba
859 2432 941 2502 erat,
977 2424 1037 2505 qui
1071 2430 1103 2485 et
1133 2443 1214 2486 cum

145 2530 221 2613 ipse
256 2531 349 2612 apud
385 2533 578 2612 Augustum
603 2537 692 2593 esset
716 2538 887 2610 oraturus,
912 2530 1018 2612 petiit,
1044 2536 1081 2592 ut
1105 2537 1215 2592 errata

144 2656 208 2700 sua
241 2638 499 2718 corrigerentur.
548 2638 611 2701 Cui
647 2637 825 2719 respondit
857 2639 1046 2719 Augustus:
1076 2656 1215 2720 possem

144 2744 339 2824 emendare,
380 2744 547 2826 corrigere
592 2751 708 2807 autem
752 2765 832 2808 non.
882 2746 926 2807 Et
963 2744 1028 2807 fuit
1067 2745 1215 2806 aemulus

147 2850 297 2917 Catonis.
852 2860 859 2875 “

235 2976 291 3056 Ν,
316 2979 335 3038 5
359 2974 422 3058 §7
457 2975 574 3040 Crasso
609 2980 638 3038 et
672 2975 824 3039 Antonio.
874 2976 917 3038 Hi
954 2976 1024 3039 ‹luo
1060 2976 1214 3038 introdu-

145 3086 272 3144 cuntur
295 3081 330 3144 in
356 3083 444 3146 libro
468 3083 510 3145 de
535 3087 669 3145 oratore
694 3082 879 3145 Ciceronis.

235 3208 291 3285 IV,
317 3205 433 3290 7510
458 3210 624 3270 Postremo
647 3244 690 3251 —
715 3244 754 3253 —
781 3206 925 3270 nomina
948 3208 1116 3286 colorum,
1138 3228 1215 3289 qum

144 3314 385 3377 transtulimus
410 3334 429 3376 a
454 3332 574 3396 graeco,
599 3320 637 3376 ut
660 3311 839 3401 ὑπερβολή,
876 3309 1009 3398 ὕστερον
1044 3313 1213 3401 πρότερον,

144 3439 224 3501 quae
248 3420 284 3482 in
310 3421 481 3484 Martiano
505 3421 678 3484 hahentur
701 3457 744 3467 -
769 3457 811 3465 -

236 3546 292 3624 IV,
317 3548 334 3606 7
360 3543 382 3629 ξ
409 3549 448 3608 10
473 3546 600 3628 fipurns
625 3544 792 3608 orationis.
840 3544 905 3605 Alii
930 3561 1064 3625 genera,
1081 3544 1139 3606 alii
1158 3544 1215 3607 sti-

147 3653 210 3732 los,
235 3653 395 3715 nonnulli
419 3653 634 3715 characteres
658 3659 793 3715 vocant.

238 3866 249 3902 ¹
274 3873 318 3929 Cl.
344 3873 418 3929 Hor.
445 3874 499 3946 Ep.
525 3877 549 3942 1,
573 3875 598 3941 3,
624 3875 670 3943 193
696 3873 818 3928 Plraedr.
844 3874 868 3942 l,
892 3873 916 3926 3.
