<?xml version="1.0" encoding="UTF-8"?>
<!DOCTYPE html PUBLIC "-//W3C//DTD XHTML 1.0 Transitional//EN"
    "http://www.w3.org/TR/xhtml1/DTD/xhtml1-transitional.dtd">
<html xmlns="http://www.w3.org/1999/xhtml" xml:lang="en" lang="en">
 <head>
  <title>
</title>
<meta http-equiv="Content-Type" content="text/html;charset=utf-8" />
  <meta name='ocr-system' content='tesseract 3.04.00' />
  <meta name='ocr-capabilities' content='ocr_page ocr_carea ocr_par ocr_line ocrx_word'/>
</head>
<body>
  <div class='ocr_page' id='page_1' title='image "./descholiisrheto00poulgoog_0046.png"; bbox 0 0 2716 4254; ppageno 0'>
   <div class='ocr_carea' id='block_1_1' title="bbox 595 180 773 240">
    <p class='ocr_par' dir='ltr' id='par_1_1' title="bbox 595 180 773 240">
     <span class='ocr_line' id='line_1_1' title="bbox 595 180 773 240; baseline -0.028 1"><span class='ocrx_word' id='word_1_1' title='bbox 595 180 773 240; x_wconf 72' lang='lat'><strong>-39-</strong></span> 
     </span>
    </p>
   </div>
   <div class='ocr_carea' id='block_1_2' title="bbox 139 320 1213 1044">
    <p class='ocr_par' dir='ltr' id='par_1_2' title="bbox 139 320 1213 1044">
     <span class='ocr_line' id='line_1_2' title="bbox 140 320 1212 431; baseline 0 -31"><span class='ocrx_word' id='word_1_2' title='bbox 140 338 251 428; x_wconf 81' lang='lat' dir='ltr'>ricidii</span> <span class='ocrx_word' id='word_1_3' title='bbox 288 337 355 399; x_wconf 90' lang='lat' dir='ltr'>sim</span> <span class='ocrx_word' id='word_1_4' title='bbox 391 320 584 431; x_wconf 78' lang='lat' dir='ltr'>accusatus,</span> <span class='ocrx_word' id='word_1_5' title='bbox 608 338 668 401; x_wconf 88' lang='lat' dir='ltr'>sed</span> <span class='ocrx_word' id='word_1_6' title='bbox 705 358 746 401; x_wconf 90' lang='lat' dir='ltr'>co</span> <span class='ocrx_word' id='word_1_7' title='bbox 781 344 832 400; x_wconf 87' lang='lat' dir='ltr'>est</span> <span class='ocrx_word' id='word_1_8' title='bbox 857 338 1047 416; x_wconf 87' lang='lat' dir='ltr'>molestius,</span> <span class='ocrx_word' id='word_1_9' title='bbox 1073 338 1212 421; x_wconf 91' lang='lat' dir='ltr'>quoda</span> 
     </span>
     <span class='ocr_line' id='line_1_3' title="bbox 140 444 1213 528; baseline 0 -20"><span class='ocrx_word' id='word_1_10' title='bbox 140 444 394 527; x_wconf 80' lang='lat' dir='ltr'>Chrysogono¹‚</span> <span class='ocrx_word' id='word_1_11' title='bbox 418 445 683 508; x_wconf 88' lang='lat' dir='ltr'>sceleratissimo</span> <span class='ocrx_word' id='word_1_12' title='bbox 707 466 817 525; x_wconf 85' lang='lat' dir='ltr'>servo,</span> <span class='ocrx_word' id='word_1_13' title='bbox 842 452 875 509; x_wconf 89' lang='lat' dir='ltr'>et</span> <span class='ocrx_word' id='word_1_14' title='bbox 899 446 959 528; x_wconf 93' lang='lat' dir='ltr'>qui</span> <span class='ocrx_word' id='word_1_15' title='bbox 984 446 1020 507; x_wconf 93' lang='lat' dir='ltr'>in</span> <span class='ocrx_word' id='word_1_16' title='bbox 1042 445 1135 508; x_wconf 89' lang='lat' dir='ltr'>caede</span> <span class='ocrx_word' id='word_1_17' title='bbox 1152 447 1213 508; x_wconf 92' lang='lat' dir='ltr'>ho-</span> 
     </span>
     <span class='ocr_line' id='line_1_4' title="bbox 141 552 1212 634; baseline 0.001 -20"><span class='ocrx_word' id='word_1_18' title='bbox 141 553 277 615; x_wconf 91' lang='lat' dir='ltr'>minum</span> <span class='ocrx_word' id='word_1_19' title='bbox 302 572 438 634; x_wconf 82' lang='lat' dir='ltr'><strong>semper</strong></span> <span class='ocrx_word' id='word_1_20' title='bbox 460 560 616 615; x_wconf 78' lang='lat' dir='ltr'>versatus</span> <span class='ocrx_word' id='word_1_21' title='bbox 641 560 692 616; x_wconf 91' lang='lat' dir='ltr'>est</span> <span class='ocrx_word' id='word_1_22' title='bbox 715 553 820 617; x_wconf 92' lang='lat' dir='ltr'>huius</span> <span class='ocrx_word' id='word_1_23' title='bbox 843 552 999 615; x_wconf 87' lang='lat' dir='ltr'>criminis</span> <span class='ocrx_word' id='word_1_24' title='bbox 1016 552 1140 616; x_wconf 90' lang='lat' dir='ltr'>fuerim</span> <span class='ocrx_word' id='word_1_25' title='bbox 1159 572 1212 615; x_wconf 88' lang='lat' dir='ltr'>ac-</span> 
     </span>
     <span class='ocr_line' id='line_1_5' title="bbox 141 658 1212 744; baseline -0.001 -21"><span class='ocrx_word' id='word_1_26' title='bbox 141 667 292 723; x_wconf 83' lang='lat' dir='ltr'>cusatus.</span> <span class='ocrx_word' id='word_1_27' title='bbox 341 660 448 723; x_wconf 91' lang='lat' dir='ltr'>Cuius</span> <span class='ocrx_word' id='word_1_28' title='bbox 473 660 600 741; x_wconf 82' lang='lat' dir='ltr'>flagitia</span> <span class='ocrx_word' id='word_1_29' title='bbox 625 668 735 724; x_wconf 87' lang='lat' dir='ltr'>tacere</span> <span class='ocrx_word' id='word_1_30' title='bbox 761 660 905 740; x_wconf 85' lang='lat' dir='ltr'>institui,</span> <span class='ocrx_word' id='word_1_31' title='bbox 929 658 1059 744; x_wconf 75' lang='lat' dir='ltr'>qui&lt;a&gt;</span> <span class='ocrx_word' id='word_1_32' title='bbox 1081 660 1212 742; x_wconf 86' lang='lat' dir='ltr'>pericu-</span> 
     </span>
     <span class='ocr_line' id='line_1_6' title="bbox 140 766 1212 849; baseline 0.001 -20"><span class='ocrx_word' id='word_1_33' title='bbox 140 768 255 830; x_wconf 92' lang='lat' dir='ltr'>losum</span> <span class='ocrx_word' id='word_1_34' title='bbox 280 767 428 830; x_wconf 81' lang='lat' dir='ltr'>arbitror</span> <span class='ocrx_word' id='word_1_35' title='bbox 451 769 569 830; x_wconf 83' lang='lat' dir='ltr'>onmia</span> <span class='ocrx_word' id='word_1_36' title='bbox 594 768 779 847; x_wconf 88' lang='lat' dir='ltr'>declarare,</span> <span class='ocrx_word' id='word_1_37' title='bbox 804 776 881 849; x_wconf 77' lang='lat' dir='ltr'>quae</span> <span class='ocrx_word' id='word_1_38' title='bbox 905 768 948 830; x_wconf 90' lang='lat' dir='ltr'>de</span> <span class='ocrx_word' id='word_1_39' title='bbox 972 767 1031 829; x_wconf 93' lang='lat' dir='ltr'>illo</span> <span class='ocrx_word' id='word_1_40' title='bbox 1049 766 1116 830; x_wconf 89' lang='lat' dir='ltr'>dici</span> <span class='ocrx_word' id='word_1_41' title='bbox 1135 787 1212 849; x_wconf 91' lang='lat' dir='ltr'>pos-</span> 
     </span>
     <span class='ocr_line' id='line_1_7' title="bbox 139 874 1212 957; baseline -0.002 -19"><span class='ocrx_word' id='word_1_42' title='bbox 139 878 234 951; x_wconf 78' lang='lat' dir='ltr'>siint;</span> <span class='ocrx_word' id='word_1_43' title='bbox 261 875 343 956; x_wconf 91' lang='lat' dir='ltr'>quia</span> <span class='ocrx_word' id='word_1_44' title='bbox 367 874 484 956; x_wconf 88' lang='lat' dir='ltr'>lingua</span> <span class='ocrx_word' id='word_1_45' title='bbox 505 895 773 957; x_wconf 85' lang='lat' dir='ltr'>nonnumquam</span> <span class='ocrx_word' id='word_1_46' title='bbox 795 894 916 938; x_wconf 80' lang='lat' dir='ltr'>vocem</span> <span class='ocrx_word' id='word_1_47' title='bbox 940 874 1136 937; x_wconf 79' lang='lat' dir='ltr'>dicentibus</span> <span class='ocrx_word' id='word_1_48' title='bbox 1154 874 1212 938; x_wconf 91' lang='lat' dir='ltr'>ab·</span> 
     </span>
     <span class='ocr_line' id='line_1_8' title="bbox 141 983 248 1044; baseline 0 0"><span class='ocrx_word' id='word_1_49' title='bbox 141 983 248 1044; x_wconf 90' lang='lat' dir='ltr'>stulit.</span> 
     </span>
    </p>
   </div>
   <div class='ocr_carea' id='block_1_3' title="bbox 139 1120 1214 2064">
    <p class='ocr_par' dir='ltr' id='par_1_3' title="bbox 139 1120 1214 2064">
     <span class='ocr_line' id='line_1_9' title="bbox 231 1120 1211 1208; baseline 0.001 -22"><span class='ocrx_word' id='word_1_50' title='bbox 231 1125 256 1205; x_wconf 88' lang='grc' dir='ltr'>Ι,</span> <span class='ocrx_word' id='word_1_51' title='bbox 274 1129 294 1189; x_wconf 82' lang='grc'><strong>6</strong></span> <span class='ocrx_word' id='word_1_52' title='bbox 310 1122 332 1208; x_wconf 64' lang='grc' dir='ltr'>ξ</span> <span class='ocrx_word' id='word_1_53' title='bbox 351 1129 390 1187; x_wconf 86' lang='grc'>10</span> <span class='ocrx_word' id='word_1_54' title='bbox 416 1127 557 1208; x_wconf 77' lang='lat' dir='ltr'>apolopo</span> <span class='ocrx_word' id='word_1_55' title='bbox 582 1120 756 1207; x_wconf 75' lang='lat' dir='ltr'>Apologus</span> <span class='ocrx_word' id='word_1_56' title='bbox 781 1132 832 1188; x_wconf 87' lang='lat' dir='ltr'>est</span> <span class='ocrx_word' id='word_1_57' title='bbox 848 1144 963 1189; x_wconf 91' lang='lat' dir='ltr'>sermo</span> <span class='ocrx_word' id='word_1_58' title='bbox 980 1125 1150 1188; x_wconf 83' lang='lat' dir='ltr'>confictus</span> <span class='ocrx_word' id='word_1_59' title='bbox 1167 1124 1211 1187; x_wconf 93' lang='lat' dir='ltr'>ad</span> 
     </span>
     <span class='ocr_line' id='line_1_10' title="bbox 141 1232 1214 1323; baseline -0.002 -28"><span class='ocrx_word' id='word_1_60' title='bbox 141 1232 370 1323; x_wconf 81' lang='lat' dir='ltr'>moralitatem</span> <span class='ocrx_word' id='word_1_61' title='bbox 405 1239 437 1295; x_wconf 92' lang='lat' dir='ltr'>et</span> <span class='ocrx_word' id='word_1_62' title='bbox 472 1233 550 1296; x_wconf 71' lang='lat' dir='ltr'>vilae</span> <span class='ocrx_word' id='word_1_63' title='bbox 583 1234 746 1295; x_wconf 86' lang='lat' dir='ltr'>humanae</span> <span class='ocrx_word' id='word_1_64' title='bbox 771 1232 1045 1312; x_wconf 89' lang='lat' dir='ltr'>instructionem,</span> <span class='ocrx_word' id='word_1_65' title='bbox 1071 1238 1108 1294; x_wconf 88' lang='lat' dir='ltr'>ut</span> <span class='ocrx_word' id='word_1_66' title='bbox 1132 1238 1214 1294; x_wconf 87' lang='lat' dir='ltr'>sunt</span> 
     </span>
     <span class='ocr_line' id='line_1_11' title="bbox 143 1337 1210 1420; baseline 0.001 -20"><span class='ocrx_word' id='word_1_67' title='bbox 143 1339 265 1420; x_wconf 86' lang='lat' dir='ltr'>Aesopi</span> <span class='ocrx_word' id='word_1_68' title='bbox 298 1340 461 1419; x_wconf 86' lang='lat' dir='ltr'>figmenta</span> <span class='ocrx_word' id='word_1_69' title='bbox 496 1346 527 1402; x_wconf 88' lang='lat' dir='ltr'>et</span> <span class='ocrx_word' id='word_1_70' title='bbox 555 1337 704 1403; x_wconf 61' lang='lat' dir='ltr'>Avianit.</span> <span class='ocrx_word' id='word_1_71' title='bbox 753 1341 842 1402; x_wconf 92' lang='lat' dir='ltr'>Nam</span> <span class='ocrx_word' id='word_1_72' title='bbox 867 1360 947 1403; x_wconf 89' lang='lat' dir='ltr'>cum</span> <span class='ocrx_word' id='word_1_73' title='bbox 972 1358 1052 1402; x_wconf 86' lang='lat' dir='ltr'>aves</span> <span class='ocrx_word' id='word_1_74' title='bbox 1076 1358 1210 1415; x_wconf 89' lang='lat' dir='ltr'>omnes,</span> 
     </span>
     <span class='ocr_line' id='line_1_12' title="bbox 145 1447 1210 1528; baseline 0 -20"><span class='ocrx_word' id='word_1_75' title='bbox 145 1453 181 1508; x_wconf 87' lang='lat' dir='ltr'>ut</span> <span class='ocrx_word' id='word_1_76' title='bbox 205 1463 316 1527; x_wconf 88' lang='lat' dir='ltr'>regem</span> <span class='ocrx_word' id='word_1_77' title='bbox 341 1447 513 1528; x_wconf 77' lang='lat' dir='ltr'>eligerent,</span> <span class='ocrx_word' id='word_1_78' title='bbox 538 1448 573 1509; x_wconf 91' lang='lat' dir='ltr'>in</span> <span class='ocrx_word' id='word_1_79' title='bbox 599 1468 708 1509; x_wconf 90' lang='lat' dir='ltr'>unum</span> <span class='ocrx_word' id='word_1_80' title='bbox 734 1448 978 1511; x_wconf 84' lang='lat' dir='ltr'>convenissent</span> <span class='ocrx_word' id='word_1_81' title='bbox 1002 1453 1034 1509; x_wconf 92' lang='lat' dir='ltr'>et</span> <span class='ocrx_word' id='word_1_82' title='bbox 1050 1465 1140 1528; x_wconf 92' lang='lat' dir='ltr'>pavo</span> <span class='ocrx_word' id='word_1_83' title='bbox 1158 1465 1210 1508; x_wconf 90' lang='lat' dir='ltr'>or-</span> 
     </span>
     <span class='ocr_line' id='line_1_13' title="bbox 142 1554 1211 1636; baseline 0 -21"><span class='ocrx_word' id='word_1_84' title='bbox 142 1554 254 1616; x_wconf 86' lang='lat' dir='ltr'>natior</span> <span class='ocrx_word' id='word_1_85' title='bbox 277 1554 512 1636; x_wconf 82' lang='lat' dir='ltr'>processisset,</span> <span class='ocrx_word' id='word_1_86' title='bbox 537 1555 761 1618; x_wconf 82' lang='lat' dir='ltr'>decreverunt</span> <span class='ocrx_word' id='word_1_87' title='bbox 783 1574 863 1617; x_wconf 92' lang='lat' dir='ltr'>eum</span> <span class='ocrx_word' id='word_1_88' title='bbox 880 1560 1013 1617; x_wconf 72' lang='lat' dir='ltr'>cunctae</span> <span class='ocrx_word' id='word_1_89' title='bbox 1030 1560 1211 1635; x_wconf 81' lang='lat' dir='ltr'>tamquam</span> 
     </span>
     <span class='ocr_line' id='line_1_14' title="bbox 139 1661 1213 1743; baseline 0 -21"><span class='ocrx_word' id='word_1_90' title='bbox 139 1661 374 1743; x_wconf 81' lang='lat' dir='ltr'>pulchriorem</span> <span class='ocrx_word' id='word_1_91' title='bbox 409 1661 540 1741; x_wconf 86' lang='lat' dir='ltr'>eligere.</span> <span class='ocrx_word' id='word_1_92' title='bbox 589 1662 653 1725; x_wconf 91' lang='lat' dir='ltr'>Sed</span> <span class='ocrx_word' id='word_1_93' title='bbox 689 1682 768 1724; x_wconf 88' lang='lat' dir='ltr'>curn</span> <span class='ocrx_word' id='word_1_94' title='bbox 798 1662 1026 1743; x_wconf 89' lang='lat' dir='ltr'>interrogatus</span> <span class='ocrx_word' id='word_1_95' title='bbox 1051 1666 1150 1739; x_wconf 90' lang='lat' dir='ltr'>esset,</span> <span class='ocrx_word' id='word_1_96' title='bbox 1176 1667 1213 1722; x_wconf 87' lang='lat' dir='ltr'>ut</span> 
     </span>
     <span class='ocr_line' id='line_1_15' title="bbox 140 1767 1211 1851; baseline 0 -21"><span class='ocrx_word' id='word_1_97' title='bbox 140 1768 346 1830; x_wconf 89' lang='lat' dir='ltr'>sententiam</span> <span class='ocrx_word' id='word_1_98' title='bbox 382 1767 547 1850; x_wconf 83' lang='lat' dir='ltr'>proferret</span> <span class='ocrx_word' id='word_1_99' title='bbox 583 1788 694 1848; x_wconf 81' lang='lat' dir='ltr'>suam,</span> <span class='ocrx_word' id='word_1_100' title='bbox 731 1769 898 1851; x_wconf 91' lang='lat' dir='ltr'>quoniam</span> <span class='ocrx_word' id='word_1_101' title='bbox 935 1787 1037 1831; x_wconf 84' lang='lat' dir='ltr'>rauce</span> <span class='ocrx_word' id='word_1_102' title='bbox 1074 1769 1211 1830; x_wconf 90' lang='lat' dir='ltr'>locutus</span> 
     </span>
     <span class='ocr_line' id='line_1_16' title="bbox 141 1874 1210 1958; baseline 0 -22"><span class='ocrx_word' id='word_1_103' title='bbox 141 1874 262 1954; x_wconf 81' lang='lat' dir='ltr'>luerat,</span> <span class='ocrx_word' id='word_1_104' title='bbox 286 1876 330 1937; x_wconf 88' lang='lat' dir='ltr'>ab</span> <span class='ocrx_word' id='word_1_105' title='bbox 364 1881 552 1958; x_wconf 82' lang='lat' dir='ltr'>conspectu</span> <span class='ocrx_word' id='word_1_106' title='bbox 577 1875 693 1937; x_wconf 89' lang='lat' dir='ltr'>avium</span> <span class='ocrx_word' id='word_1_107' title='bbox 724 1875 879 1937; x_wconf 89' lang='lat' dir='ltr'>abiectus</span> <span class='ocrx_word' id='word_1_108' title='bbox 904 1882 964 1954; x_wconf 88' lang='lat' dir='ltr'>est,</span> <span class='ocrx_word' id='word_1_109' title='bbox 989 1882 1020 1937; x_wconf 84' lang='lat' dir='ltr'>ct</span> <span class='ocrx_word' id='word_1_110' title='bbox 1045 1875 1210 1957; x_wconf 88' lang='lat' dir='ltr'>aquilam,</span> 
     </span>
     <span class='ocr_line' id='line_1_17' title="bbox 141 1981 1213 2064; baseline 0 -20"><span class='ocrx_word' id='word_1_111' title='bbox 141 2002 219 2064; x_wconf 87' lang='lat' dir='ltr'>quae</span> <span class='ocrx_word' id='word_1_112' title='bbox 243 1983 336 2044; x_wconf 93' lang='lat' dir='ltr'>illius</span> <span class='ocrx_word' id='word_1_113' title='bbox 361 1983 486 2045; x_wconf 87' lang='lat' dir='ltr'>aemula</span> <span class='ocrx_word' id='word_1_114' title='bbox 511 1983 632 2058; x_wconf 81' lang='lat' dir='ltr'>tuerat,</span> <span class='ocrx_word' id='word_1_115' title='bbox 656 1983 724 2045; x_wconf 92' lang='lat' dir='ltr'>sibi</span> <span class='ocrx_word' id='word_1_116' title='bbox 749 1982 949 2063; x_wconf 86' lang='lat' dir='ltr'>deligeruut.</span> <span class='ocrx_word' id='word_1_117' title='bbox 985 1981 1112 2044; x_wconf 88' lang='lat' dir='ltr'>Poterit</span> <span class='ocrx_word' id='word_1_118' title='bbox 1134 1999 1213 2062; x_wconf 86' lang='lat' dir='ltr'>ergo</span> 
     </span>
    </p>
   </div>
   <div class='ocr_carea' id='block_1_4' title="bbox 140 2088 1212 2687">
    <p class='ocr_par' dir='ltr' id='par_1_4' title="bbox 140 2088 1212 2687">
     <span class='ocr_line' id='line_1_18' title="bbox 140 2088 1212 2173; baseline -0.002 -21"><span class='ocrx_word' id='word_1_119' title='bbox 140 2090 207 2152; x_wconf 94' lang='lat' dir='ltr'>hoc</span> <span class='ocrx_word' id='word_1_120' title='bbox 241 2091 387 2173; x_wconf 86' lang='lat' dir='ltr'>apologo</span> <span class='ocrx_word' id='word_1_121' title='bbox 421 2089 470 2152; x_wconf 91' lang='lat' dir='ltr'>uti</span> <span class='ocrx_word' id='word_1_122' title='bbox 506 2091 572 2152; x_wconf 92' lang='lat' dir='ltr'>hoc</span> <span class='ocrx_word' id='word_1_123' title='bbox 607 2088 727 2153; x_wconf 91' lang='lat' dir='ltr'>modo:</span> <span class='ocrx_word' id='word_1_124' title='bbox 753 2089 884 2152; x_wconf 91' lang='lat' dir='ltr'>Videtis</span> <span class='ocrx_word' id='word_1_125' title='bbox 909 2109 1042 2167; x_wconf 86' lang='lat' dir='ltr'>omnes,</span> <span class='ocrx_word' id='word_1_126' title='bbox 1068 2089 1212 2169; x_wconf 82' lang='lat' dir='ltr'>iudices,</span> 
     </span>
     <span class='ocr_line' id='line_1_19' title="bbox 141 2196 1211 2283; baseline 0.002 -26"><span class='ocrx_word' id='word_1_127' title='bbox 141 2197 235 2259; x_wconf 92' lang='lat' dir='ltr'>hunc</span> <span class='ocrx_word' id='word_1_128' title='bbox 259 2197 495 2261; x_wconf 87' lang='lat' dir='ltr'>adversarium</span> <span class='ocrx_word' id='word_1_129' title='bbox 522 2217 639 2260; x_wconf 92' lang='lat' dir='ltr'>meum</span> <span class='ocrx_word' id='word_1_130' title='bbox 664 2203 760 2260; x_wconf 88' lang='lat' dir='ltr'>tanto</span> <span class='ocrx_word' id='word_1_131' title='bbox 786 2198 897 2259; x_wconf 85' lang='lat' dir='ltr'>nitore</span> <span class='ocrx_word' id='word_1_132' title='bbox 924 2196 1078 2279; x_wconf 87' lang='lat' dir='ltr'>corporis</span> <span class='ocrx_word' id='word_1_133' title='bbox 1103 2202 1211 2283; x_wconf 88' lang='lat' dir='ltr'>etor-</span> 
     </span>
     <span class='ocr_line' id='line_1_20' title="bbox 142 2304 1211 2385; baseline 0 -20"><span class='ocrx_word' id='word_1_134' title='bbox 142 2310 226 2366; x_wconf 89' lang='lat' dir='ltr'>uatu</span> <span class='ocrx_word' id='word_1_135' title='bbox 250 2304 398 2367; x_wconf 83' lang='lat' dir='ltr'>vestium</span> <span class='ocrx_word' id='word_1_136' title='bbox 423 2304 458 2366; x_wconf 92' lang='lat' dir='ltr'>in</span> <span class='ocrx_word' id='word_1_137' title='bbox 476 2310 700 2385; x_wconf 90' lang='lat' dir='ltr'>conspectum</span> <span class='ocrx_word' id='word_1_138' title='bbox 717 2310 871 2367; x_wconf 80' lang='lat' dir='ltr'>restrum</span> <span class='ocrx_word' id='word_1_139' title='bbox 889 2304 1109 2385; x_wconf 84' lang='lat' dir='ltr'>processisse,</span> <span class='ocrx_word' id='word_1_140' title='bbox 1127 2310 1211 2366; x_wconf 90' lang='lat' dir='ltr'>tam-</span> 
     </span>
     <span class='ocr_line' id='line_1_21' title="bbox 140 2408 1211 2494; baseline 0 -21"><span class='ocrx_word' id='word_1_141' title='bbox 140 2431 248 2493; x_wconf 88' lang='lat' dir='ltr'>quam</span> <span class='ocrx_word' id='word_1_142' title='bbox 272 2411 307 2473; x_wconf 94' lang='lat' dir='ltr'>in</span> <span class='ocrx_word' id='word_1_143' title='bbox 332 2412 397 2474; x_wconf 87' lang='lat' dir='ltr'>hac</span> <span class='ocrx_word' id='word_1_144' title='bbox 415 2430 519 2473; x_wconf 91' lang='lat' dir='ltr'>causa</span> <span class='ocrx_word' id='word_1_145' title='bbox 537 2408 592 2494; x_wconf 77' lang='lat' dir='ltr'>[se]</span> <span class='ocrx_word' id='word_1_146' title='bbox 611 2411 803 2493; x_wconf 89' lang='lat' dir='ltr'>principem</span> <span class='ocrx_word' id='word_1_147' title='bbox 822 2408 927 2494; x_wconf 73' lang='lat' dir='ltr'>tessal.</span> <span class='ocrx_word' id='word_1_148' title='bbox 960 2410 1027 2472; x_wconf 88' lang='lat' dir='ltr'>Sed</span> <span class='ocrx_word' id='word_1_149' title='bbox 1044 2411 1211 2491; x_wconf 92' lang='lat' dir='ltr'>quoniam</span> 
     </span>
     <span class='ocr_line' id='line_1_22' title="bbox 141 2516 1212 2599; baseline 0.003 -21"><span class='ocrx_word' id='word_1_150' title='bbox 141 2537 243 2581; x_wconf 89' lang='lat' dir='ltr'>rauce</span> <span class='ocrx_word' id='word_1_151' title='bbox 267 2519 403 2580; x_wconf 89' lang='lat' dir='ltr'>loeutus</span> <span class='ocrx_word' id='word_1_152' title='bbox 428 2525 478 2580; x_wconf 88' lang='lat' dir='ltr'>est</span> <span class='ocrx_word' id='word_1_153' title='bbox 501 2525 682 2598; x_wconf 90' lang='lat' dir='ltr'>tamquam</span> <span class='ocrx_word' id='word_1_154' title='bbox 706 2536 807 2599; x_wconf 81' lang='lat' dir='ltr'>pavo,</span> <span class='ocrx_word' id='word_1_155' title='bbox 831 2516 876 2578; x_wconf 91' lang='lat' dir='ltr'>ab</span> <span class='ocrx_word' id='word_1_156' title='bbox 894 2523 1081 2599; x_wconf 84' lang='lat' dir='ltr'>conspectu</span> <span class='ocrx_word' id='word_1_157' title='bbox 1099 2524 1212 2581; x_wconf 83' lang='lat' dir='ltr'>vestro</span> 
     </span>
     <span class='ocr_line' id='line_1_23' title="bbox 142 2624 319 2687; baseline 0 -1"><span class='ocrx_word' id='word_1_158' title='bbox 142 2624 319 2687; x_wconf 90' lang='lat' dir='ltr'>abicietur.</span> 
     </span>
    </p>
   </div>
   <div class='ocr_carea' id='block_1_5' title="bbox 140 2767 1214 3597">
    <p class='ocr_par' dir='ltr' id='par_1_5' title="bbox 140 2767 1214 3597">
     <span class='ocr_line' id='line_1_24' title="bbox 233 2767 1212 2851; baseline -0.001 -22"><span class='ocrx_word' id='word_1_159' title='bbox 233 2768 258 2848; x_wconf 92' lang='lat'>1,</span> <span class='ocrx_word' id='word_1_160' title='bbox 283 2771 301 2830; x_wconf 90' lang='lat'><strong>7</strong></span> <span class='ocrx_word' id='word_1_161' title='bbox 326 2770 348 2851; x_wconf 54' lang='grc' dir='ltr'><strong><em>ξ</em></strong></span> <span class='ocrx_word' id='word_1_162' title='bbox 375 2771 411 2830; x_wconf 98' lang='grc'>11</span> <span class='ocrx_word' id='word_1_163' title='bbox 439 2768 703 2831; x_wconf 81' lang='lat' dir='ltr'>commoditatem</span> <span class='ocrx_word' id='word_1_164' title='bbox 729 2768 749 2830; x_wconf 91' lang='lat' dir='ltr'>i.</span> <span class='ocrx_word' id='word_1_165' title='bbox 775 2788 802 2829; x_wconf 92' lang='lat' dir='ltr'>e.</span> <span class='ocrx_word' id='word_1_166' title='bbox 826 2768 870 2830; x_wconf 90' lang='lat' dir='ltr'>ad</span> <span class='ocrx_word' id='word_1_167' title='bbox 900 2768 1058 2830; x_wconf 83' lang='lat' dir='ltr'>ellectum</span> <span class='ocrx_word' id='word_1_168' title='bbox 1094 2767 1212 2829; x_wconf 89' lang='lat' dir='ltr'>docili-</span> 
     </span>
     <span class='ocr_line' id='line_1_25' title="bbox 141 2874 1214 2954; baseline 0 -18"><span class='ocrx_word' id='word_1_169' title='bbox 141 2874 220 2936; x_wconf 86' lang='lat' dir='ltr'>tatis</span> <span class='ocrx_word' id='word_1_170' title='bbox 254 2881 286 2937; x_wconf 89' lang='lat' dir='ltr'>et</span> <span class='ocrx_word' id='word_1_171' title='bbox 319 2875 519 2938; x_wconf 88' lang='lat' dir='ltr'>attentionis</span> <span class='ocrx_word' id='word_1_172' title='bbox 548 2882 580 2937; x_wconf 94' lang='lat' dir='ltr'>et</span> <span class='ocrx_word' id='word_1_173' title='bbox 604 2875 856 2954; x_wconf 80' lang='lat' dir='ltr'>benivolentiae,</span> <span class='ocrx_word' id='word_1_174' title='bbox 881 2894 921 2936; x_wconf 86' lang='lat' dir='ltr'>ex</span> <span class='ocrx_word' id='word_1_175' title='bbox 946 2874 1074 2954; x_wconf 90' lang='lat' dir='ltr'>quibus</span> <span class='ocrx_word' id='word_1_176' title='bbox 1099 2881 1214 2936; x_wconf 89' lang='lat' dir='ltr'>orator</span> 
     </span>
     <span class='ocr_line' id='line_1_26' title="bbox 143 2980 1213 3064; baseline -0.002 -20"><span class='ocrx_word' id='word_1_177' title='bbox 143 2982 425 3045; x_wconf 86' lang='lat' dir='ltr'>commoditatem</span> <span class='ocrx_word' id='word_1_178' title='bbox 461 3001 574 3044; x_wconf 64' lang='lat' dir='ltr'>causa}</span> <span class='ocrx_word' id='word_1_179' title='bbox 599 2983 830 3064; x_wconf 87' lang='lat' dir='ltr'>consequitur.</span> <span class='ocrx_word' id='word_1_180' title='bbox 878 2983 922 3044; x_wconf 90' lang='lat' dir='ltr'>Ut</span> <span class='ocrx_word' id='word_1_181' title='bbox 946 2980 974 3044; x_wconf 92' lang='lat' dir='ltr'>si</span> <span class='ocrx_word' id='word_1_182' title='bbox 999 2981 1077 3061; x_wconf 91' lang='lat' dir='ltr'>quis</span> <span class='ocrx_word' id='word_1_183' title='bbox 1102 2987 1213 3043; x_wconf 89' lang='lat' dir='ltr'>oraret</span> 
     </span>
     <span class='ocr_line' id='line_1_27' title="bbox 144 3088 1213 3171; baseline 0 -21"><span class='ocrx_word' id='word_1_184' title='bbox 144 3107 207 3171; x_wconf 91' lang='lat' dir='ltr'>pro</span> <span class='ocrx_word' id='word_1_185' title='bbox 227 3089 303 3151; x_wconf 79' lang='lat' dir='ltr'>filio</span> <span class='ocrx_word' id='word_1_186' title='bbox 328 3088 516 3168; x_wconf 85' lang='lat' dir='ltr'>Ciceronis,</span> <span class='ocrx_word' id='word_1_187' title='bbox 546 3089 605 3169; x_wconf 91' lang='lat' dir='ltr'>qui</span> <span class='ocrx_word' id='word_1_188' title='bbox 631 3089 818 3151; x_wconf 88' lang='lat' dir='ltr'>sceleribus</span> <span class='ocrx_word' id='word_1_189' title='bbox 843 3088 980 3150; x_wconf 84' lang='lat' dir='ltr'>deditus</span> <span class='ocrx_word' id='word_1_190' title='bbox 1004 3088 1048 3150; x_wconf 90' lang='lat' dir='ltr'>ab</span> <span class='ocrx_word' id='word_1_191' title='bbox 1074 3088 1213 3151; x_wconf 94' lang='lat' dir='ltr'>ineunte</span> 
     </span>
     <span class='ocr_line' id='line_1_28' title="bbox 142 3194 1212 3277; baseline -0.001 -20"><span class='ocrx_word' id='word_1_192' title='bbox 142 3201 240 3259; x_wconf 87' lang='lat' dir='ltr'>aetate</span> <span class='ocrx_word' id='word_1_193' title='bbox 273 3196 348 3274; x_wconf 84' lang='lat' dir='ltr'>fuit,</span> <span class='ocrx_word' id='word_1_194' title='bbox 384 3197 451 3258; x_wconf 92' lang='lat' dir='ltr'>hoc</span> <span class='ocrx_word' id='word_1_195' title='bbox 480 3195 599 3257; x_wconf 92' lang='lat' dir='ltr'>modo:</span> <span class='ocrx_word' id='word_1_196' title='bbox 649 3195 929 3277; x_wconf 85' lang='lat' dir='ltr'>Quamquam‚o</span> <span class='ocrx_word' id='word_1_197' title='bbox 954 3194 1096 3274; x_wconf 64' lang='lat' dir='ltr'>iudices</span> <span class='ocrx_word' id='word_1_198' title='bbox 1121 3194 1212 3256; x_wconf 87' lang='lat' dir='ltr'>filius</span> 
     </span>
     <span class='ocr_line' id='line_1_29' title="bbox 141 3301 1212 3386; baseline -0.001 -22"><span class='ocrx_word' id='word_1_199' title='bbox 141 3303 237 3375; x_wconf 84' lang='lat' dir='ltr'>omni</span> <span class='ocrx_word' id='word_1_200' title='bbox 263 3302 434 3386; x_wconf 92' lang='lat' dir='ltr'>supplicio</span> <span class='ocrx_word' id='word_1_201' title='bbox 460 3303 505 3364; x_wconf 96' lang='lat' dir='ltr'>ob</span> <span class='ocrx_word' id='word_1_202' title='bbox 530 3302 603 3365; x_wconf 92' lang='lat' dir='ltr'>eius</span> <span class='ocrx_word' id='word_1_203' title='bbox 628 3302 778 3383; x_wconf 85' lang='lat' dir='ltr'>ingentia</span> <span class='ocrx_word' id='word_1_204' title='bbox 803 3301 886 3364; x_wconf 85' lang='lat' dir='ltr'>vilia</span> <span class='ocrx_word' id='word_1_205' title='bbox 915 3301 1140 3382; x_wconf 87' lang='lat' dir='ltr'>dignissimus</span> <span class='ocrx_word' id='word_1_206' title='bbox 1165 3301 1212 3363; x_wconf 82' lang='lat' dir='ltr'>vi-</span> 
     </span>
     <span class='ocr_line' id='line_1_30' title="bbox 140 3408 1212 3491; baseline -0.004 -19"><span class='ocrx_word' id='word_1_207' title='bbox 140 3409 272 3488; x_wconf 84' lang='lat' dir='ltr'>deatur,</span> <span class='ocrx_word' id='word_1_208' title='bbox 308 3415 424 3472; x_wconf 91' lang='lat' dir='ltr'>tamen</span> <span class='ocrx_word' id='word_1_209' title='bbox 461 3409 618 3472; x_wconf 88' lang='lat' dir='ltr'>Ciceroni</span> <span class='ocrx_word' id='word_1_210' title='bbox 654 3410 743 3491; x_wconf 84' lang='lat' dir='ltr'>patri</span> <span class='ocrx_word' id='word_1_211' title='bbox 779 3409 1033 3472; x_wconf 91' lang='lat' dir='ltr'>consulendum</span> <span class='ocrx_word' id='word_1_212' title='bbox 1068 3414 1126 3483; x_wconf 76' lang='lat' dir='ltr'>est,</span> <span class='ocrx_word' id='word_1_213' title='bbox 1153 3408 1212 3488; x_wconf 93' lang='lat' dir='ltr'>qui</span> 
     </span>
     <span class='ocr_line' id='line_1_31' title="bbox 141 3514 1212 3597; baseline -0.002 -19"><span class='ocrx_word' id='word_1_214' title='bbox 141 3515 321 3579; x_wconf 90' lang='lat' dir='ltr'>doloribus</span> <span class='ocrx_word' id='word_1_215' title='bbox 356 3516 592 3595; x_wconf 85' lang='lat' dir='ltr'>conficeretur,</span> <span class='ocrx_word' id='word_1_216' title='bbox 617 3522 649 3578; x_wconf 87' lang='lat' dir='ltr'>et</span> <span class='ocrx_word' id='word_1_217' title='bbox 674 3517 795 3597; x_wconf 85' lang='lat' dir='ltr'>magis,</span> <span class='ocrx_word' id='word_1_218' title='bbox 824 3515 991 3596; x_wconf 92' lang='lat' dir='ltr'>quoniam</span> <span class='ocrx_word' id='word_1_219' title='bbox 1016 3514 1072 3576; x_wconf 90' lang='lat' dir='ltr'>ille</span> <span class='ocrx_word' id='word_1_220' title='bbox 1098 3514 1212 3576; x_wconf 91' lang='lat' dir='ltr'>nullos</span> 
     </span>
    </p>
   </div>
   <div class='ocr_carea' id='block_1_6' title="bbox 232 3784 561 3936">
    <p class='ocr_par' dir='ltr' id='par_1_6' title="bbox 232 3784 561 3936">
     <span class='ocr_line' id='line_1_32' title="bbox 232 3784 460 3861; baseline 0.004 -15"><span class='ocrx_word' id='word_1_221' title='bbox 232 3784 242 3818; x_wconf 85' lang='lat'>¹</span> <span class='ocrx_word' id='word_1_222' title='bbox 268 3793 460 3861; x_wconf 76' lang='lat' dir='ltr'>Grosogano</span> 
     </span>
     <span class='ocr_line' id='line_1_33' title="bbox 232 3871 561 3936; baseline -0.006 0"><span class='ocrx_word' id='word_1_223' title='bbox 232 3871 243 3908; x_wconf 70' lang='lat'><strong>²</strong></span> <span class='ocrx_word' id='word_1_224' title='bbox 268 3885 297 3936; x_wconf 88' lang='lat' dir='ltr'>et</span> <span class='ocrx_word' id='word_1_225' title='bbox 320 3881 429 3935; x_wconf 85' lang='lat' dir='ltr'>Aviani</span> <span class='ocrx_word' id='word_1_226' title='bbox 454 3882 477 3933; x_wconf 79' lang='lat' dir='ltr'>V</span> <span class='ocrx_word' id='word_1_227' title='bbox 502 3896 561 3934; x_wconf 94' lang='lat' dir='ltr'>om.</span> 
     </span>
    </p>
   </div>
   <div class='ocr_carea' id='block_1_7' title="bbox 0 0 1364 4254">
    <p class='ocr_par' dir='ltr' id='par_1_7' title="bbox 0 0 1364 4254">
     <span class='ocr_line' id='line_1_34' title="bbox 0 0 1364 4254; baseline 0 0"><span class='ocrx_word' id='word_1_228' title='bbox 0 0 1364 4254; x_wconf 95' lang='lat' dir='ltr'> </span> 
     </span>
    </p>
   </div>
  </div>
 </body>
</html>
