2716 4254
589 140 762 199 ...38-

136 298 228 361 dicat
264 298 411 362 nmiorcs
437 306 573 361 nostros
599 297 764 361 noluisse¹
792 318 852 381 pcr
875 297 1098 379 suspiciones
1125 298 1220 360 solas

134 413 169 469 et
204 407 238 469 in
273 427 308 468 rc
341 406 543 488 pecuniaria
576 406 784 469 sententiam
808 405 971 487 prolerre,
995 405 1065 467 hoo
1092 404 1219 469 modo:
1282 472 1284 493 Ι

137 514 328 575 Accusatus
357 520 407 577 est
434 513 577 575 Roscius
602 511 696 595 apud
722 492 921 587 iudices-et
944 511 1090 593 quidem
1116 511 1221 578 salso,
1282 538 1284 557 ¹

138 620 232 701 quod
266 627 397 703 patrem
433 619 608 698 occiderit,
633 626 665 682 el
695 639 756 702 per
779 618 994 702 suspiciones
1019 625 1051 682 et
1076 619 1218 682 coniec-

135 733 229 789 tnras
266 728 308 790 ad
344 727 512 790 iudicium
549 727 731 789 adductus.
779 726 843 789 Sed
873 725 1004 789 debetis
1036 726 1218 790 reeordari
1282 710 1284 749 ³

137 834 286 897 maiores
321 841 469 912 nostroS,
502 854 652 917 quorum
689 834 723 895 in
758 834 854 896 onmi
880 853 914 896 re
938 851 1076 915 semper
1103 833 1218 896 valuit

138 942 336 1019 auctoritas,
370 941 524 1004 noluisse
557 942 724 1005 adversus
757 959 971 1022 quemquam
1006 937 1103 1023 [esse]
1130 940 1217 1003 furti

138 1048 344 1112 coniecturis
379 1051 605 1111 accusatum-³
629 1049 836 1111 sententiam
871 1047 1022 1110 iudicem
1046 1047 1218 1129 prolerre.

137 1157 205 1218 Vos
237 1155 339 1236 igitur
364 1155 527 1218 Roscium
552 1156 641 1218 falso
665 1154 924 1238 suspicionibus
948 1159 1084 1216 tantum
1112 1173 1218 1218 accu-

137 1269 252 1325 satum
277 1263 313 1324 in
338 1283 373 1325 re
397 1262 569 1325 criminali
595 1262 830 1326 damnabitis?

228 1406 253 1484 1,
279 1409 298 1468 6
320 1406 342 1487 ξ
362 1408 382 1467 tl
408 1410 466 1468 arri
489 1405 528 1467 de
552 1404 677 1467 maiore
701 1404 916 1486 [adruinus]
941 1424 988 1467 sc.
1014 1410 1052 1467 ut
1075 1405 1106 1467 si
1133 1406 1219 1487 quis

139 1512 231 1574 dicat
266 1514 302 1575 L.
327 1513 518 1575 Antonium
551 1532 621 1575 non
647 1532 720 1576 esse
745 1511 999 1591 damnandum,
1023 1511 1120 1593 quod
1146 1530 1219 1576 ser-

138 1639 221 1680 vum
255 1639 358 1681 suum
392 1639 452 1700 pcr
485 1619 671 1683 factionem
705 1620 748 1682 ad
781 1620 987 1701 Pompeium
1023 1618 1219 1700 fugientem

139 1726 314 1805 occiderit,
338 1728 404 1789 hoc
430 1725 545 1788 modo:
572 1727 738 1790 Nonnulli
763 1733 853 1801 sunt,
879 1727 940 1807 qui
965 1727 1002 1788 L.
1019 1726 1219 1790 Antonium

140 1840 315 1912 accusant,
351 1833 445 1916 (pund
481 1853 619 1897 servum
653 1853 756 1896 suum
792 1833 835 1896 ab
871 1833 991 1896 itinere
1026 1838 1219 1897 retractum

141 1960 249 2022 usque
274 1940 318 2004 ad
343 1961 462 2003 necem
487 1942 685 2024 pulsaverit.
720 1941 785 2004 Sed
803 1939 838 2002 lii
857 1940 943 2001 milri
961 1959 1032 2002 non
1049 1938 1219 2004 videntur

140 2048 312 2110 recordari
338 2048 500 2109 Fulvium
525 2048 599 2111 eius
625 2048 734 2110 lilium
760 2047 915 2110 Catilinae
933 2053 1044 2109 castra
1063 2066 1217 2129 sequen·

138 2160 207 2215 tem
232 2154 401 2216 occidisse
426 2161 458 2216 et
481 2154 657 2218 addidisse
682 2175 717 2216 se
741 2155 852 2216 filium
871 2174 974 2216 snum
991 2153 1123 2236 palriae,
1141 2174 1216 2219 nou

140 2261 308 2340 Calilinae,
333 2281 403 2324 nou
428 2261 665 2343 proditoribus
689 2262 857 2342 genuisse.

230 2406 254 2482 l,
280 2408 299 2468 6
316 2405 337 2488 ξ
353 2409 373 2467 u
398 2410 427 2468 et
449 2404 696 2468 similitudinem
722 2402 936 2487 conferimus³
953 2405 973 2467 i.
992 2424 1019 2466 e.
1038 2404 1213 2469 iudicium

141 2511 288 2573 aliorum
326 2532 385 2593 per
421 2513 716 2594 comparationem
752 2511 1036 2590 assimilabimus,
1069 2511 1217 2577 horest

142 2617 438 2697 ratiocinabimus‚
463 2620 529 2681 hoc
555 2619 673 2681 modo:
700 2638 778 2680 cum
804 2619 907 2697 igitur
931 2618 1073 2681 Fulvius
1098 2618 1214 2682 lilium

143 2744 212 2787 non
238 2725 476 2803 verberaverit,
501 2726 560 2787 sed
585 2725 748 2788 occiderit
772 2726 910 2808 propria
935 2744 1042 2787 manu
1066 2744 1129 2808 pro
1153 2745 1214 2809 pa·

142 2831 220 2909 lria;
246 2833 306 2894 sed
331 2833 501 2894 Antonius
526 2852 595 2895 non
614 2831 787 2913 occiderit,
804 2832 863 2895 sed
881 2831 1126 2894 tantummodo
1143 2851 1213 2896 ser·

141 2960 224 3001 rum
249 2940 447 3022 pulsaverit,
473 2959 588 3003 nonne
613 2939 744 3002 debetis
770 2941 806 3001 L.
824 2938 1015 3003 Antonium
1032 2939 1215 3004 absolvere

142 3046 186 3107 ab
211 3047 277 3109 hoc
302 3047 367 3110 leri
393 3047 547 3125 crimine,
572 3067 651 3109 cum
677 3047 731 3109 ille
753 3046 900 3108 intanto
918 3053 1046 3108 actam
1064 3046 1213 3109 immani

143 3153 268 3215 scelere
293 3154 395 3217 fuerit
419 3154 609 3217 absolutus.

232 3295 244 3356 l
271 3299 291 3358 6
314 3296 336 3379 ξ
360 3301 380 3357 tl
408 3298 529 3358 occulte
552 3295 706 3373 dicemus,
733 3315 777 3358 sc.
796 3316 856 3377 per
872 3295 1138 3378 occupationem
1156 3315 1213 3359 co·

142 3403 250 3464 lorem
286 3403 353 3465 hoc
388 3403 505 3483 mod0,
541 3403 569 3464 si
604 3401 730 3465 diceret
767 3403 925 3465 Roscius:
952 3402 1137 3465 Moleslum
1163 3409 1214 3465 est

144 3509 242 3587 milri,
267 3530 287 3571 o
312 3509 454 3591 iudices,
479 3511 546 3572 hoe
570 3509 711 3587 crimen,
729 3530 807 3572 cum
834 3527 895 3590 ego
922 3509 1013 3572 filius
1039 3509 1118 3591 pius
1135 3528 1212 3591 par·

558 3738 569 3761 ¹)

237 3740 246 3774 ¹
270 3748 407 3803 voluisse
432 3749 452 3803 lr
478 3749 508 3802 l'.
558 3766 568 3775 ·
594 3753 760 3803 accusatus
785 3749 805 3802 lr
830 3749 862 3802 V.

236 3828 247 3863 ³
272 3837 472 3893 conferemus
498 3841 595 3893 textus
619 3840 761 3907 receptus.
