2716 4254
653 181 828 240 ,ὃὸ-..-

208 338 431 402 ascendimus
465 338 507 400 de
543 337 651 418 gradu
685 337 721 400 in
750 338 909 418 gradum,
938 338 987 401 sic
1011 338 1055 400 de
1078 358 1149 401 uno
1174 338 1280 402 verbo

208 446 379 528 gradatim
413 445 612 508 accedimus
646 444 691 507 ad
723 444 829 508 aliud.
878 446 944 507 lste
969 446 1062 525 enim
1086 446 1184 508 color
1206 446 1280 509 sine

209 554 317 617 dubio
348 553 390 616 de
421 552 602 615 ornatibus
635 551 821 615 verborum
846 558 907 631 est,
932 553 1014 635 quia
1038 552 1194 633 gradatio
1220 558 1280 631 est,

209 681 289 725 cum
323 661 370 740 id,
399 660 436 722 in
461 680 531 742 quo
560 659 687 722 desinit
710 659 831 740 oratio,
848 659 1022 741 repetitur,
1039 665 1077 721 ut
1100 660 1197 722 aliud
1221 660 1281 723 ad-

209 768 320 831 datur.
368 768 412 829 Et
434 767 470 828 in
495 766 592 828 omni
617 766 726 846 figura
744 785 841 848 aeque
858 766 958 829 valet.
995 767 1034 828 ln
1053 766 1280 830 deliberativo

208 893 330 957 genere
354 875 445 938 valet
468 874 630 936 multum.
663 875 780 937 Potest
802 879 920 937 tamen
937 874 1094 936 interseri
1111 874 1280 937 iudiciali.

210 985 249 1046 ln
283 1001 386 1045 omne
421 986 517 1064 parte
548 981 715 1044 orationis
740 987 853 1063 potest
877 981 991 1043 valere
1015 987 1138 1063 praeter
1162 1001 1281 1044 narra-

209 1090 350 1152 tionem.
398 1088 541 1152 Videtur
574 1088 666 1150 enim
700 1107 774 1151 esse
808 1087 1012 1151 huiusmodi
1040 1089 1135 1151 color
1159 1095 1281 1151 contra

209 1197 296 1260 illud
321 1201 533 1279 praeceptum
551 1195 771 1274 narrationis,
788 1195 849 1257 ubi
866 1195 994 1258 dicitur
1010 1210 1115 1277 supra
1131 1195 1168 1257 in
1185 1195 1280 1278 prin-

210 1304 316 1387 cipio:
342 1303 462 1367 Brevis
486 1302 550 1365 erit
573 1302 736 1382 narratio,
760 1301 789 1364 si
813 1302 858 1365 ab
882 1321 922 1364 eo
946 1302 1063 1382 verbo,
1082 1301 1207 1384 inquo
1226 1302 1282 1365 de·

210 1412 358 1474 sinimus
383 1430 448 1473 seu·
468 1409 657 1472 desinitum
682 1415 743 1489 est,
768 1429 839 1472 non
863 1409 1081 1499 incipiemus
1125 1409 1281 1487 Quidam

209 1519 314 1599 igitur
338 1517 469 1596 dicunt,
494 1516 588 1600 quod
612 1536 684 1579 non
708 1516 810 1578 debet
826 1517 911 1596 fieri,
928 1517 995 1579 nisi
1013 1535 1151 1580 necesse
1168 1517 1282 1580 luerit.

211 1625 278 1688 Sed
313 1645 377 1687 nos
411 1626 513 1706 plane
547 1624 708 1702 dicimus,
733 1623 827 1706 quod
858 1629 909 1687 est
939 1630 1059 1687 contra
1083 1624 1170 1686 illud
1194 1644 1282 1707 prae-

209 1738 360 1815 ceptum,
395 1751 458 1794 nec
491 1730 592 1794 debet
625 1730 709 1813 poni
738 1730 774 1792 in
799 1731 1006 1794 narratione.
1054 1732 1186 1794 Tamen
1213 1731 1282 1795 dici

210 1846 334 1924 potest,
359 1839 453 1922 quod
477 1838 565 1902 bene
589 1838 722 1901 dictum
747 1844 798 1901 est
822 1839 992 1921 superius,
1017 1839 1112 1922 quod
1129 1838 1282 1902 brevitas

211 1968 282 2011 non
307 1946 457 2010 excludit
481 1946 591 2008 ullum
617 1946 861 2009 necessarium.
888 1947 958 2009 Nec
974 1946 1168 2010 necessaria
1185 1967 1282 2030 repe-

208 2055 285 2117 titio
319 2053 470 2117 excludit
499 2053 702 2117 brevitatem
730 2059 763 2116 et
786 2072 804 2115 e
827 2072 1005 2116 converso.
1053 2053 1283 2136 Superfluitas

208 2162 393 2240 videretur,
417 2160 446 2222 si
471 2166 680 2242 repeteretur
702 2161 783 2223 finis
805 2160 878 2223 sine
896 2180 1011 2223 causa.
1051 2161 1117 2223 Sed
1134 2161 1192 2224 hic
1210 2181 1282 2224 non

209 2270 384 2332 iudicatur
407 2266 583 2349 superflua
607 2269 661 2330 vel
686 2267 831 2350 prolixa,
855 2267 937 2349 quia
962 2273 1013 2330 est
1037 2268 1233 2331 necessaria
1250 2275 1283 2331 et

210 2377 254 2440 ad
276 2382 438 2439 ornatum
460 2375 616 2457 pertinet.
656 2375 712 2438 Sic
729 2374 906 2436 delinitur:
926 2375 1089 2438 Gradatio
1106 2381 1167 2454 est,
1184 2382 1281 2440 ante-

210 2503 316 2567 quam
347 2483 391 2546 ad
422 2482 517 2545 aliud
545 2482 690 2544 verbum
715 2488 944 2562 transeamus,
969 2483 1157 2565 superioris
1181 2483 1281 2546 verbi

209 2591 380 2674 repetitio;
405 2590 498 2653 illius
523 2611 570 2654 sc.
594 2590 702 2668 verbi,
726 2590 763 2651 in
787 2609 857 2672 quo
883 2589 1034 2652 desitum
1051 2596 1112 2653 est.
1152 2591 1195 2653 Et
1213 2592 1282 2654 hoc

210 2705 260 2762 est
283 2698 479 2776 ascendere,
504 2703 655 2780 repetere
679 2697 839 2779 superius
863 2697 1019 2760 verbum.

301 2860 356 2938 IV,
381 2861 423 2922 25
447 2856 469 2942 ξ
492 2859 535 2921 34
559 2878 662 2941 quum
687 2857 733 2919 od
755 2857 914 2940 superius.
948 2857 1146 2920 Similitudo
1169 2864 1282 2921 tracta

213 2987 233 3030 a
258 2986 365 3050 puero
389 2967 516 3047 gradus
540 2964 757 3028 ascendente.
798 2966 830 3028 ls
855 2965 948 3027 enim
970 2971 1109 3048 propter
1124 2966 1282 3029 imbecil-

213 3075 345 3137 litatem
369 3075 406 3136 in
429 3073 526 3137 omni
550 3072 658 3154 gradu
682 3072 806 3136 ambos
830 3072 934 3155 pedes
957 3072 1057 3152 sistit,
1073 3073 1282 3155 priusquam

212 3181 377 3245 ascendat
415 3186 685 3264 consequentem
720 3181 880 3261 gradum3
918 3179 1011 3262 quod
1048 3200 1119 3243 non
1154 3179 1284 3244 faceret

209 3290 384 3353 robustus.

299 3453 355 3530 lV,
389 3453 431 3513 25
464 3448 486 3534 ξ
513 3453 556 3513 35
587 3448 742 3530 Definitio
766 3454 811 3511 est
835 3450 950 3512 Graece
974 3483 1056 3526 rra,
1081 3449 1282 3513 terminatio

209 3560 325 3622 latine.
373 3558 538 3621 Definitio
572 3563 633 3633 est,
667 3578 744 3638 quae
778 3557 930 3620 declarat
967 3553 1282 3640 unius<cuius>que

209 3667 257 3729 rei
294 3666 478 3729 essentiam
516 3684 577 3747 per
613 3664 821 3743 essentialia,
858 3684 935 3746 quae
967 3663 1096 3726 faciant
1121 3660 1280 3748 [differre]

209 3773 392 3836 definitum
421 3773 558 3835 differre
587 3770 632 3834 ab
656 3771 734 3833 aliis
759 3770 872 3834 rebus.
920 3771 964 3833 Et
987 3770 1091 3833 hahet
1115 3787 1224 3850 genus
1249 3777 1284 3834 et

210 3880 452 3944 differentiam.
500 3878 566 3943 Sed
590 3879 685 3958 largo
710 3877 815 3940 modo
840 3877 897 3940 hic
921 3876 1057 3959 capitur
1078 3882 1109 3940 et
1126 3876 1177 3941 sic
1192 3878 1282 3942 acci·
