2722 4252
653 165 695 224 42
721 198 763 204 -

142 344 178 386 sc
202 344 336 386 earcere
362 343 429 386 non
456 343 529 384 esse
554 323 710 403 dignum,
734 323 793 384 sed
819 343 930 404 poena
955 328 1090 384 tanturn
1108 343 1213 405 pecu·

143 431 262 493 niaria.
310 432 406 509 Quas
430 430 571 512 (pridem
596 437 709 512 partes
726 429 863 493 duabus
880 430 1073 492 rationibus
1091 431 1126 492 in
1146 431 1215 493 hoc

141 537 230 600 libro
254 537 389 600 videtur
413 537 684 619 praetermisisse:
711 544 771 599 aut
794 537 876 618 quia
901 538 975 599 lnce
992 544 1115 619 partes,
1133 557 1214 620 quac

143 645 263 726 positar
297 652 388 725 sunt,
413 646 540 706 multas
565 645 650 707 alias
676 644 966 726 comprehendere
991 651 1149 727 possunt,
1176 651 1214 706 ut

143 752 170 813 si
189 752 344 814 dicemus
362 752 511 814 iudicem
530 752 749 831 mutandum,
767 752 976 833 intelligatur
992 753 1089 814 locus
1107 752 1213 815 etiam

141 865 173 920 ct
197 878 346 940 poenam
371 878 445 921 esse
470 859 690 933 mutandam,
715 865 773 921 aut
798 859 880 940 quia
905 860 939 921 in
965 860 1032 921 hoo
1054 859 1142 921 libro
1161 859 1213 922 in-

142 965 251 1027 tendit
285 965 580 1029 Cicerodefinire
613 966 874 1029 translationem
900 985 960 1048 per
985 966 1129 1029 modum
1157 987 1213 1030 ex-

142 1072 258 1155 empli,
283 1074 342 1135 scd
367 1080 461 1136 extra
485 1093 556 1136 non
581 1073 699 1136 omnia
717 1073 869 1155 requirit,
886 1094 962 1154 quar
981 1074 1047 1136 sub
1063 1093 1103 1136 ea
1116 1094 1213 1138 com·

142 1179 310 1261 prehendi
334 1187 489 1262 possunt.

232 1324 370 1406 1‚14§
399 1327 440 1386 24
475 1324 647 1405 fortunam
682 1324 744 1404 [etl
779 1323 1007 1386 necessitatem.
1056 1325 1215 1387 Fortuna

142 1435 192 1490 est
227 1449 328 1492 casus
364 1431 576 1512 inopinatus,
611 1450 672 1512 per
706 1451 809 1512 quem
840 1431 1027 1513 impeditur
1049 1431 1215 1494 voluntas

142 1535 302 1617 faciendi,
338 1544 374 1600 ut
406 1543 489 1620 puta
523 1538 649 1620 aliquis
675 1545 844 1601 revertens
869 1537 905 1599 in
930 1538 1077 1620 patriam
1102 1537 1214 1622 impe-

142 1643 235 1706 ditur
259 1664 278 1706 a
303 1645 428 1708 fluviis.
477 1645 669 1707 Necessitas
693 1665 773 1707 vero
799 1652 859 1722 est,
884 1665 961 1726 quae
986 1645 1075 1726 cogit
1093 1645 1214 1707 nolen-

142 1758 222 1830 tem,
248 1758 285 1813 ut
309 1758 392 1834 puta
416 1752 543 1814 fluvius
567 1752 657 1832 cogit
673 1772 753 1815 eum
770 1752 915 1832 tardare,
932 1752 992 1834 qui
1010 1751 1044 1813 in
1063 1750 1213 1833 patriam

143 1857 382 1939 proficiscitur.
431 1860 503 1922 Has
539 1865 656 1921 tamen
680 1860 767 1922 duas
792 1867 905 1943 partes
931 1859 1049 1922 Cicero
1074 1857 1109 1920 in
1135 1840 1213 1921 rl're·

143 1965 249 2028 torica
274 1966 378 2029 veteri
402 1966 471 2029 alio
496 1967 616 2029 ordine
642 1968 753 2049 ponit3
779 1987 859 2029 nam
878 1986 940 2049 pro
957 1966 1095 2029 fortuna
1113 1967 1214 2047 ponit

143 2075 379 2137 necessitatem
406 2081 438 2136 ct
462 2094 478 2135 e
503 2073 696 2136 converso.l
744 2074 846 2150 Quod
871 2080 959 2136 certe
985 2092 1054 2135 non
1079 2080 1130 2135 est
1147 2073 1212 2135 mi·

143 2179 302 2259 randum,
327 2180 494 2262 quoniam
519 2180 663 2243 diversis
689 2181 880 2242 rationibus
905 2180 1033 2243 habitis
1058 2179 1100 2241 de
1123 2186 1213 2242 utra-

141 2305 207 2367 que
232 2286 330 2349 facile
355 2287 466 2351 ambro
484 2287 519 2348 in
537 2289 680 2350 alteram
697 2288 904 2351 commutari
921 2293 1076 2370 possunt.
1119 2287 1210 2350 Nam

142 2412 222 2456 cum
262 2395 411 2457 dicimus
450 2394 662 2457 incrementa
702 2395 888 2457 lluviorum
926 2396 988 2457 iter
1023 2393 1211 2475 impedisse
1272 2442 1274 2447 «

143 2507 299 2564 nostrum
334 2502 520 2585 inceptum,
555 2502 675 2564 eadem
710 2502 842 2565 ratione
876 2521 1063 2585 possumus
1097 2501 1230 2579 dicere¹

39 2677 46 2691 ,
142 2627 205 2669 nos
242 2629 302 2690 per
336 2609 547 2672 incrementa
584 2609 704 2671 eadem
730 2617 867 2672 coactos
893 2609 1009 2689 fuisso,
1035 2614 1071 2670 ut
1096 2608 1211 2672 tarda·

141 2734 266 2777 remus

232 3126 287 3205 IV,
327 3129 341 3187 1
379 3124 401 3207 ξ
432 3130 446 3188 1
477 3126 642 3204 Quoniam
680 3127 713 3189 in
748 3128 811 3188 lroc
846 3125 938 3188 libro,
988 3126 1052 3188 Hic
1089 3125 1213 3208 incipit

142 3239 305 3314 quartum
319 3235 492 3298 volumen.
519 3235 558 3296 ln
576 3254 645 3317 quo
660 3234 794 3296 Tullius
808 3239 947 3295 acturus
961 3233 1002 3295 de
1016 3232 1213 3296 elocutione

142 3339 318 3423 praemittit
342 3342 572 3422 prooemium,
597 3342 633 3404 in
658 3361 727 3423 quo
752 3339 902 3402 ostendit
926 3340 992 3403 sibi
1015 3339 1114 3402 licere
1131 3360 1211 3423 pro·

142 3447 225 3530 priis
250 3447 300 3509 uti
326 3447 491 3529 exemplis
516 3454 548 3510 ct
572 3468 642 3511 non
667 3455 822 3529 oportere
844 3447 935 3508 sumi
953 3449 1109 3528 exempla
1126 3448 1211 3512 alio-

1132 3593 1211 3601 ---.

232 3680 243 3714 ¹
268 3689 328 3743 Cic.
354 3689 392 3744 de
416 3688 477 3744 inv.
504 3689 525 3757 l,
551 3690 579 3743 n
608 3688 624 3754 ξ
650 3689 694 3742 15;
744 3688 817 3743 Hace
844 3692 890 3751 (·-·
920 3688 1075 3758 purgatio)
1104 3693 1211 3759 partes

140 3777 236 3832 habet
261 3782 331 3846 tres,
356 3778 611 3849 imprudentiam,
629 3794 747 3837 casum,
765 3777 989 3832 necessitatem.
1013 3806 1045 3812 -
1068 3769 1125 3832 ubi
1147 3778 1210 3833 dis-

141 3867 318 3937 crepantia?
