2722 4252
586 184 762 244 -44-

231 344 285 415 lv,
310 346 330 403 8
354 345 376 421 ξ
403 345 438 403 ll
467 342 636 404 Mediocris
660 347 712 409 est.
755 342 881 404 Definit
899 338 997 405 eam(
1023 343 1212 407 Mediocris

140 457 190 512 ost
213 470 291 531 quae
312 449 567 530 aliquantulum
585 449 812 511 humiliorum
830 450 1014 513 verborum
1032 458 1212 515 construc-

140 557 234 620 tione
259 562 404 631 constat.
445 557 562 637 Neque
587 556 910 620 tamenintautum
927 557 1212 643 humili,quous·
1265 560 1267 564 ’

140 683 207 745 que
242 664 286 726 ad
322 670 534 727 attenuatam
571 663 728 745 figuram,
763 683 840 744 quae
877 664 1026 745 vulgaris
1055 671 1087 727 et
1115 685 1212 728 com-

141 771 281 833 munior
298 777 348 833 est
366 771 497 850 ceteris,
511 771 546 832 in
561 771 753 834 elocutione
767 771 969 852 quotidiana
983 771 1211 835 descenderit.

141 878 206 941 Sed
243 878 367 959 partim
404 878 517 940 verbis
553 877 657 957 illius,
694 878 818 960 parlim
854 878 953 940 istius
984 884 1110 941 utatur.
1162 880 1213 942 lta

140 985 235 1066 quod
258 1004 322 1048 nec
346 985 455 1066 magis
478 985 595 1066 gravia
612 1005 718 1066 quam
738 983 886 1046 humilia
904 981 995 1068 laon]
1014 985 1213 1049 immiscere

143 1092 309 1155 intendat.

231 1202 416 1263 Attenuuto.
465 1201 526 1262 Est
560 1216 640 1281 queo¹
671 1197 848 1262 demissa¹
884 1206 943 1279 est,
981 1199 1016 1261 id
1051 1206 1102 1263 est
1132 1220 1213 1282 quae

141 1307 318 1370 descendit
351 1326 461 1388 usque
485 1307 529 1368 ad
553 1307 796 1388 quotidianum
822 1326 1033 1384 sermonem;
1058 1309 1126 1371 hoc
1151 1315 1215 1388 est,

141 1414 174 1476 in
201 1434 270 1496 qua
293 1413 407 1477 verbis
433 1414 566 1476 usitatis
591 1421 623 1476 et
647 1413 860 1496 quotidianis
886 1414 1024 1477 utimur.

231 1523 268 1582 ln
285 1520 383 1603 provi
397 1521 518 1602 fipuro.
559 1520 729 1600 Ostendit,
747 1521 924 1603 quomodo
941 1527 1105 1584 tractetur
1120 1522 1213 1585 datis

142 1628 433 1710 descriptionibus
470 1628 688 1709 quarundam
722 1628 970 1710 proprietatum
999 1635 1032 1691 et
1058 1629 1213 1711 assigna-

141 1735 235 1798 tione
269 1754 553 1816 unamquamque
589 1735 735 1816 liguram
764 1735 981 1798 manifestius
1006 1734 1214 1800 determinat

140 1842 207 1906 hic.
245 1843 287 1905 Et
310 1842 406 1923 prius
429 1849 508 1924 post
531 1842 797 1925 descriptionem
822 1842 934 1922 gravis
958 1843 1076 1924 figurae
1100 1843 1213 1920 docet,

142 1950 226 2032 quid
260 1950 304 2012 sit
337 1949 535 2012 faciendum
565 1951 599 2012 in
625 1950 719 2031 gravi
744 1950 863 2030 ligura,
888 1956 920 2011 et
944 1950 1011 2011 hoc
1034 1949 1215 2033 praemittit

142 2076 202 2138 per
236 2056 460 2138 proprietates
485 2063 517 2118 et
541 2076 601 2138 per
624 2057 785 2135 rationes,
810 2056 935 2118 deiude
960 2077 1019 2138 per
1043 2059 1212 2140 exempla.

144 2163 234 2226 Dicit
258 2180 348 2243 ergo,
365 2163 459 2244 quod
484 2163 532 2225 ibi
557 2163 683 2225 debent
707 2183 780 2224 esse
805 2163 908 2225 verba
934 2163 1156 2227 ornatissima
1181 2171 1214 2227 et

142 2269 347 2352 ponderosa,
384 2269 455 2332 sive
492 2269 550 2331 illa
587 2269 655 2331 sint
689 2269 828 2352 propria
869 2271 1013 2334 nomina
1051 2270 1099 2333 rei
1139 2271 1213 2335 sive

142 2383 313 2453 extranea,
340 2377 360 2439 i.
386 2397 413 2442 e.
439 2377 605 2440 translata
629 2377 672 2439 de
696 2377 764 2439 alia
788 2376 1049 2457 significatione,
1074 2384 1111 2439 ut
1136 2378 1214 2442 ’flos

143 2484 262 2546 aetatis'
289 2484 430 2566 ponitur
453 2503 515 2565 pro
540 2484 803 2547 'adolescentia’.
856 2477 859 2481 ’

232 2589 306 2653 Siue
329 2595 487 2652 extraneo
512 2590 533 2652 i.
559 2610 584 2652 e.
609 2590 679 2653 sive
704 2591 869 2652 translata
893 2591 1032 2653 aliunde
1056 2588 1117 2673 per
1141 2611 1213 2661 me-

143 2698 327 2778 taphoram
354 2694 431 2781 lhoc
455 2704 505 2759 est
530 2694 742 2780 proprietasl,
768 2704 805 2759 ut
822 2704 938 2779 pastor
954 2717 1016 2779 pro
1032 2698 1213 2781 episcopm

143 2811 242 2867 canet
265 2805 407 2884 humus,
432 2805 452 2865 i.
479 2823 506 2866 e.
532 2803 611 2865 alba
636 2809 694 2865 est.

233 2948 289 3027 IV,
315 2950 335 3009 8
358 2945 380 3030 ξ
407 2949 442 3009 11
472 2948 510 3009 ln
535 2947 598 3009 lroe
621 2967 744 3028 ponere.
769 2984 813 2992 —
836 2984 879 2991 —
905 2948 947 3008 Et
964 2955 1014 3010 est
1031 2954 1213 3030 sumptum

143 3054 210 3116 hoc
235 3054 430 3136 exemplum
455 3054 644 3135 aquadam
668 3053 834 3133 oratione>
858 3073 963 3135 quam
989 3055 1068 3117 fecit
1091 3062 1214 3119 contra

144 3147 339 3223 Catilinam.

234 3305 290 3382 lV,
318 3307 357 3366 10
381 3304 403 3386 ξ
430 3305 470 3365 14
495 3305 582 3366 Nom
618 3307 652 3364 ut
683 3303 773 3384 sorte.
799 3339 842 3347 —-
865 3305 992 3366 —Vel
1018 3304 1213 3368 secundum

144 3410 401 3488 Quintilianum
437 3411 504 3473 hoc
539 3428 646 3492 genus
682 3410 813 3492 absque
848 3411 1092 3474 constitutione
1121 3430 1213 3494 saepe

146 3517 287 3600 reperiri
312 3517 407 3580 solet.

235 3662 289 3741 IV,
317 3663 357 3723 10
380 3657 403 3744 ξ
429 3661 469 3721 14
493 3659 562 3722 sine
585 3681 637 3722 me
660 3658 874 3736 considerare,
900 3660 920 3721 i.
946 3680 974 3723 e.
1000 3660 1130 3723 dimitte
1157 3682 1212 3725 me

147 3804 177 3811 -.
354 3803 703 3810 ——ffl—
900 3804 1215 3814 ————-..

235 3873 246 3910 ²
271 3881 401 3936 dimissa
425 3881 454 3936 h.
504 3938 511 3952 ‚
