2716 4254
623 203 798 265 ...14...

173 383 232 425 sus
251 363 424 426 contraria
442 365 516 427 haec
541 369 573 427 et
592 363 649 427 illa
679 383 752 426 esse
777 370 932 446 possunt.
966 364 1133 446 Exempla
1155 384 1248 447 quae-
1343 388 1352 399 ·

173 470 267 550 dam,
291 477 406 534 utres
430 477 604 555 appareat,
628 471 748 534 afferre
771 471 861 534 volo.

219 579 245 657 Ι,
262 582 281 640 3
298 575 356 662 §4
375 576 603 661 proeporotur¹
621 576 687 642 Sed
780 578 897 656 Quint.
923 579 978 658 IV,
1005 575 1061 662 1§
1083 581 1138 642 72:
1166 580 1249 644 Haec

173 685 273 748 multi
286 692 447 769 quaerunt
458 706 529 749 non
542 705 616 749 esse
629 704 686 748 ne·
734 685 776 748 de
799 685 988 768 prooemio,
1006 686 1165 768 quotiens
1186 688 1249 750 erit

176 793 365 856 cessarium
398 793 590 874 exordium,
620 793 686 856 hae
732 792 1248 876 eiususus,nonsemperauten1

174 902 318 981 ratione,
343 901 425 985 quia
451 920 532 964 oum
565 899 688 984 praedi·
736 906 800 962 est:
826 919 909 963 nam
937 907 971 963 et
993 920 1248 983 supervacuum

175 1014 270 1072 cator
292 1009 347 1072 vel
363 1008 453 1072 alius
470 1007 686 1071 multitudini
734 1007 923 1090 aliquando
953 1013 1014 1088 est,
1039 1008 1067 1070 si
1096 1009 1139 1071 sit
1162 1029 1248 1092 prae-

173 1122 385 1198 congregatae
395 1116 525 1200 aliquid
539 1116 690 1179 declara-
737 1121 877 1197 paratus
890 1115 973 1178 satis
987 1115 1091 1178 etiam
1099 1116 1172 1179 sine
1181 1118 1249 1180 hoo

173 1229 271 1286 turus
289 1224 342 1303 sit,
356 1223 426 1289 iani
443 1243 565 1286 omnes
578 1224 688 1306 parati
736 1221 923 1284 iudex·aut
946 1223 975 1286 si
1000 1243 1053 1286 res
1077 1243 1247 1306 praepara-

173 1337 205 1394 et
229 1331 405 1394 constituti
432 1330 572 1393 suntad
591 1331 687 1393 audi·
734 1329 828 1391 tione
860 1350 931 1392 non
962 1338 1067 1411 egeat.
1119 1331 1247 1394 Aristo-

174 1439 313 1501 endum.
373 1438 595 1521 Respondent
633 1437 688 1501 his
734 1424 816 1498 telos
845 1437 987 1520 quidem
1016 1437 1052 1500 in
1075 1443 1187 1501 totum
1211 1437 1248 1500 id

175 1546 311 1608 duabus
335 1545 541 1626 rationibus,
564 1565 684 1608 secun·
732 1545 966 1608 necessarium
1007 1543 1100 1628 apud
1136 1545 1247 1608 bonos
1341 1608 1347 1615 ,

173 1653 258 1715 dum
277 1652 547 1731 Quintilianum:
565 1653 690 1735 primo,
736 1652 868 1715 iudices
895 1659 1003 1734 negat.
1051 1652 1248 1736 Aliquando

174 1760 202 1823 si
217 1759 688 1844 praeparatisuntadaudien-
734 1765 851 1822 tamen
880 1760 930 1823 uti
960 1779 1024 1823 neo
1048 1761 1076 1822 si
1101 1760 1248 1824 velimus

175 1869 272 1949 dum,
297 1869 364 1932 hoe
384 1887 445 1951 per
461 1874 622 1930 naturam
639 1868 687 1930 fa·
734 1887 774 1930 eo
802 1867 891 1947 licet,
915 1887 996 1931 cum
1019 1867 1122 1930 iudex
1146 1886 1247 1931 occu-

174 1977 282 2056 oiunt,
307 1975 390 2059 quia
410 1976 446 2038 in
464 1975 560 2038 omni
577 1994 612 2037 re
630 1995 689 2038 na·
736 1981 849 2057 patus,
874 1994 953 2038 eum
988 1981 1134 2055 angusta
1166 1982 1248 2038 sunt

172 2089 250 2146 tura
284 2084 343 2145 dat
375 2082 598 2165 principium,
627 2082 687 2145 sed
734 2088 900 2165 tempora,
934 2102 1014 2145 cum
1048 2081 1160 2145 maior
1187 2102 1246 2164 po-

86 2236 88 2240 ·
172 2210 234 2273 ρει·
264 2190 444 2253 exordium
466 2191 555 2252 fiunt
579 2194 686 2252 atten·
732 2195 837 2252 testas
862 2190 906 2252 ab
931 2191 1006 2272 ipsa
1030 2210 1065 2252 re
1090 2189 1180 2271 cogit
1195 2189 1246 2252 in-

173 2298 287 2361 tiores.
336 2300 513 2376 Praeterea,
530 2297 609 2360 licet
629 2317 690 2379 per
735 2296 857 2379 cipere.

177 2413 338 2469 naturam
352 2405 421 2468 sint
431 2403 626 2488 praeparati,
635 2410 683 2466 ta-

179 2533 257 2575 men
290 2512 461 2593 ignorant,
492 2512 533 2575 de
563 2531 632 2594 qua
656 2531 691 2573 re

178 2620 222 2682 sit
235 2620 402 2700 dicturuS,
413 2619 506 2702 quod
523 2639 583 2702 ρει·
595 2638 690 2682 exor-

176 2726 274 2791 dium
297 2727 463 2790 declarari
480 2727 580 2803 solet3
599 2725 691 2789 unde

177 2835 309 2898 dictum
322 2840 373 2898 est
386 2834 577 2913 exordium,
591 2833 689 2917 quasi

175 2942 217 3004 de
242 2942 385 3005 materia
410 2948 535 3004 ortum.

220 3051 245 3129 l,
270 3049 364 3134 3§5
387 3070 496 3132 penus
519 3069 688 3112 cousoe—
781 3048 898 3126 Quint.
930 3049 985 3127 lV,
1013 3051 1026 3109 l
1055 3046 1154 3132 §lo
1186 3049 1246 3111 Ge·

174 3195 217 3202 -
241 3193 284 3202 -
309 3156 461 3235 Quidam
486 3163 603 3218 tamen
627 3156 686 3218 ad·
733 3175 815 3218 nera
840 3175 942 3238 porro
970 3174 1155 3218 causarum
1170 3155 1246 3236 plu-

175 3265 262 3327 dunt
277 3265 478 3342 obscurum,
491 3264 551 3326 sed
569 3263 687 3327 incon·
735 3263 977 3345 rimiquinque
998 3263 1163 3326 lecerunt:
1184 3262 1245 3324 ho·

174 3369 558 3454 sultissin1e2quide1n.
596 3373 684 3433 Nam
733 3378 882 3450 nestum,
918 3369 1061 3445 humile,
1099 3369 1246 3432 dubium

174 3484 211 3542 ut
235 3479 283 3541 ait
300 3478 550 3559 Quintilianum
564 3478 687 3557 ohscu-
734 3478 787 3540 vel
804 3496 942 3559 anceps,
956 3477 1171 3556 admirabile,
1186 3478 1245 3540 ob-

173 3607 251 3648 rum
277 3586 342 3649 suh
359 3587 467 3649 dubio
484 3586 687 3649 continetur.
735 3606 875 3648 scuruin
901 3621 942 3630 -
967 3621 1011 3629 —

263 3819 274 3856 1
299 3829 473 3898 apparatur
497 3826 587 3881 codd.
613 3825 644 3881 bl
671 3821 793 3899 (Marx);
818 3825 870 3880 alii
895 3842 962 3880 om.

263 3904 275 3942 2
300 3914 510 3971 insulsissime
533 3916 565 3971 V.
