2716 4254
598 218 774 278 --59ss

151 369 286 434 noviter
320 374 486 450 translati,
520 375 779 457 pronominalio
808 394 888 438 vero
914 375 961 454 tit,
987 394 1066 438 cum
1093 392 1219 437 nornen

150 477 317 541 usitatum
342 499 405 562 pro
429 480 497 544 alio
522 481 673 563 ponitur,
698 482 751 545 vel
775 481 819 545 ad
844 481 981 544 laudem
1006 487 1066 544 aut
1089 479 1205 562 vitupe

150 585 321 649 rationem
346 587 504 651 alicuius.
529 625 573 634 -
595 625 639 633 -

241 728 296 807 IV,
321 730 360 793 31
388 734 407 809 ,ξ
432 732 474 793 42
500 730 633 794 nomine
665 751 732 794 non
762 736 868 814 potest
891 731 911 793 i.
936 751 963 794 e.
990 751 1061 794 non
1085 736 1136 792 est
1160 750 1217 812 ap·

149 841 236 909 tum,
270 855 340 900 non
374 844 424 900 est
457 837 631 914 idoneum,
655 838 709 901 vel
734 845 873 921 propter
897 837 1134 902 necessitatem
1160 844 1219 900 aut

149 949 289 1024 propter
312 944 562 1026 turpitudinem
587 945 750 1028 aliquam.
774 982 817 992 --
833 981 878 991 -
894 981 937 991 —
954 945 1094 1027 Legitur
1113 945 1216 1008 etiam

149 1049 185 1111 in
226 1050 365 1129 sabulis,
400 1070 481 1114 cum
514 1052 681 1116 animalia
714 1052 832 1118 omnia
870 1058 1158 1134 congregarentur
1186 1058 1217 1114 et

148 1156 273 1239 cuique
298 1178 425 1222 nomen
451 1178 553 1222 suum
578 1159 759 1243 daret<ur>,
784 1159 936 1223 uoluisse
960 1179 996 1223 se
1013 1159 1125 1222 dicere
1142 1179 1216 1221 mu-

148 1264 234 1343 lum,
268 1265 328 1328 sed
357 1266 436 1348 equi
462 1273 638 1349 nepotem3
663 1265 757 1348 quod
782 1266 921 1349 propria
945 1268 1122 1331 voluntate
1146 1266 1216 1329 dic·

146 1377 203 1435 tus
227 1371 296 1434 sit.¹

238 1514 291 1589 IV,
315 1518 358 1578 32
382 1514 404 1597 ξ
427 1517 469 1579 43
494 1515 737 1579 Denominatio.
777 1513 982 1600 Ἀντανομασία
1016 1534 1124 1599 graece
1154 1535 1214 1579 seu

147 1619 359 1706 παρονομασία
405 1623 540 1686 dicitur.
600 1623 773 1686 Definitur
811 1630 927 1688 autern
963 1623 1214 1687 denominatio:

145 1730 288 1811 quando
314 1749 359 1795 sc.
386 1731 530 1793 verbum
564 1750 605 1793 ex
634 1731 750 1812 aliqua
772 1728 981 1813 <af>tinitate
1006 1731 1215 1794 nominatur.

147 1835 208 1898 Est
232 1843 346 1900 autem
372 1836 610 1900 denominatio
635 1838 782 1901 alicuius
806 1839 854 1901 rei
879 1857 940 1921 per
955 1837 1098 1920 aliquod
1114 1855 1214 1900 voca-

146 1942 268 2006 bulum
295 1963 335 2007 ex
359 1944 526 2007 affinitate
559 1943 677 2026 aliqua
704 1952 853 2009 tractum
878 1945 1088 2019 nominatim
1113 1943 1213 2026 quasi

144 2050 288 2120 diceret:
337 2050 582 2114 Denominatio
616 2059 666 2115 est
698 2052 869 2116 traductio
902 2051 1063 2116 vocabuli
1092 2072 1112 2114 a
1137 2071 1213 2133 pro-

144 2157 221 2240 pria
260 2158 511 2240 significatione
550 2158 595 2222 ad
634 2159 729 2223 aliud
769 2159 1036 2242 significandum
1077 2165 1215 2241 propter

145 2284 252 2327 unam
278 2265 420 2329 istarum
447 2264 670 2357 affinitatum.
689 2303 732 2310 --
748 2304 792 2310 —
811 2304 850 2313 —
869 2269 935 2331 Iste
952 2267 1048 2330 color
1063 2267 1098 2328 in
1116 2265 1213 2328 omni

145 2372 255 2453 ligura
280 2374 368 2435 valet
386 2379 423 2435 et
447 2373 482 2435 in
508 2373 603 2436 omni
628 2391 749 2456 genere
772 2393 897 2438 causae.
922 2410 965 2419 —-

236 2515 291 2592 lv,
312 2517 354 2577 32
378 2513 458 2598 §43
489 2517 622 2578 Horum
639 2520 748 2578 autem
766 2512 915 2579 ἀιάιέιό.2
948 2517 1056 2595 Quasi
1074 2516 1213 2593 diceret,

142 2620 322 2684 difficilius
347 2628 398 2684 est
421 2621 463 2685 de
489 2622 530 2686 iis
554 2622 658 2685 rebus
675 2622 917 2703 determinare,
934 2624 954 2687 i.
971 2644 998 2686 e.
1016 2623 1211 2709 doctrinam

143 2727 227 2790 dare
252 2748 358 2809 quam
383 2729 460 2792 illas
485 2729 520 2792 iu
545 2729 694 2792 dicendo
711 2731 870 2813 reperire,
886 2750 966 2794 cum
984 2731 1054 2793 sint
1069 2729 1211 2792 inventu

142 2834 272 2898 faciles.
320 2836 422 2899 Nulla
447 2841 497 2899 est
521 2836 579 2899 hic
595 2837 787 2917 translatio,
804 2838 887 2920 quia
904 2836 1097 2900 similitudo
1114 2837 1211 2899 nulla

142 2947 205 3020 est,
229 2943 289 3005 sed
322 2942 485 3006 affinitas.
534 2944 620 3021 Quae
649 2943 743 3006 enim
767 2944 961 3008 similitudo
985 2950 1075 3008 osset
1092 2944 1209 3007 inven-

141 3048 226 3142 toris
250 3055 283 3112 et
306 3049 458 3113 inventi‘l

234 3193 288 3270 tv,
313 3195 354 3254 32
378 3190 401 3276 ξ
424 3195 466 3255 43
490 3193 547 3255 sed
562 3191 659 3256 etium
677 3193 863 3275 quotidiani
878 3194 936 3257 uc.
975 3193 1209 3272 Quotidianus

141 3318 255 3362 sermo
280 3304 331 3361 est
349 3300 472 3382 plenus
489 3299 845 3379 denominationibus,
863 3320 932 3364 uon
950 3307 1086 3364 tantum
1103 3301 1209 3363 dicta·

142 3405 237 3468 mina
272 3412 451 3469 oratorum
486 3413 547 3469 aut
581 3413 778 3489 poetarum;
815 3408 897 3491 quia
932 3409 967 3470 in
1004 3406 1209 3491 quotidiano

140 3531 300 3576 sermone
323 3513 413 3576 fiunt
436 3513 639 3578 huiusmodi
664 3514 974 3578 denominationes.
1022 3514 1092 3577 Nec
1114 3512 1208 3576 vide-

142 3625 199 3680 tur
223 3619 288 3681 sibi
314 3620 508 3682 contrarius
532 3640 617 3689 esse,
642 3641 721 3683 cum
747 3640 851 3704 supra
869 3620 992 3684 dixerit
1008 3621 1072 3684 has
1089 3619 1206 3682 decem

231 3815 302 3878 ¹Cf.
330 3825 419 3879 Babr.
446 3824 505 3879 fab.
531 3827 573 3880 62.

230 3903 242 3937 i
260 3913 379 3968 Harum
392 3914 534 3969 onmium
549 3915 842 3970 denominationum
854 3944 884 3956 η
898 3945 928 3951 -
941 3915 1054 3971 divisio
1067 3914 1153 3970 codd.
1167 3915 1206 3969 bl.
