2716 4254
597 178 773 236 ,δμ-

144 342 214 398 tur:
238 378 240 382 -
264 335 449 398 Conclusio
480 340 530 397 est
554 354 686 411 eorum,
711 334 905 416 quae'dieta
930 340 1021 414 sunt,
1047 340 1083 396 ut
1108 334 1216 397 exiis

144 442 276 525 aliquid
301 442 479 521 inferatur,
503 441 618 505 brevis
643 448 675 504 et
692 441 853 505 absoluta
870 440 1096 505 enumeratio.
1116 477 1155 486 -
1173 477 1217 486 —·

146 551 190 612 Et
213 551 303 613 valet
326 550 517 632 plurimum
542 550 579 611 in
603 549 868 613 confirmatione
893 555 926 611 et
949 549 1216 630 reprehensione

145 665 178 720 et
202 657 356 739 epilogis.

235 820 290 898 IV,
315 820 354 881 31
380 816 402 903 ξ
426 820 469 882 42
494 817 680 882 nominatio
704 823 750 881 est
769 817 884 901 primu
908 817 1035 881 dicitur
1057 815 1214 901 ὀνομασία.

143 925 221 1008 Agit
253 926 295 989 de
324 926 393 989 illis
417 925 537 989 decem
561 932 595 989 et
618 926 771 1008 primum
795 925 838 988 de
863 925 1113 1006 nominatione,
1138 945 1216 1008 quae

145 1034 195 1097 sic
229 1032 450 1116 describitum
500 1031 768 1118 [Delnominatio
809 1038 860 1096 est
899 1031 1026 1115 positio
1054 1032 1215 1096 vocabuli

144 1141 198 1204 vel
222 1141 474 1204 vocabulorum
499 1160 589 1204 nova
612 1139 657 1203 ad
673 1139 939 1204 similitudinem
956 1139 1034 1202 soni
1050 1139 1104 1203 vel
1120 1139 1216 1203 vocis

145 1246 218 1333 [vel]
253 1249 346 1328 data,
370 1248 392 1312 i.
417 1267 446 1324 e,
471 1248 584 1330 posita
620 1246 663 1310 ad
698 1247 955 1329 expressionem
984 1246 1132 1310 alicuius
1155 1247 1216 1326 rei,

144 1361 182 1417 ut
214 1356 355 1433 tinnire3
390 1355 472 1437 quia
506 1353 701 1418 nominatio
734 1360 785 1416 est
814 1354 858 1417 ad
882 1353 1113 1418 imitationem
1138 1355 1215 1416 soni

145 1461 197 1524 vel
231 1481 336 1525 causa
369 1461 640 1544 significationis,
665 1467 702 1522 ut
726 1479 795 1523 rem
820 1461 1015 1543 expressius
1039 1460 1216 1543 possimus

144 1568 349 1650 significare,
386 1570 469 1633 novi
502 1569 598 1633 verbi
623 1569 676 1632 vel
708 1587 806 1632 novae
836 1569 1004 1631 iuncturae
1028 1567 1214 1631 verborum

144 1675 305 1757 quaedam
339 1677 512 1740 confictio.
560 1677 648 1740 Cum
682 1695 763 1740 vero
792 1676 1003 1739 vocabulum
1027 1675 1140 1757 primo
1164 1694 1214 1738 re-

143 1789 279 1864 pertum
297 1790 356 1860 est,
372 1784 566 1847 nominatio
590 1783 656 1846 luit
677 1783 770 1846 dicta
786 1802 807 1846 a
824 1782 950 1846 Graecis
976 1776 1214 1866 tropaeorum)

143 1889 227 1970 quia
250 1910 446 1973 numquam
470 1897 572 1954 antea
596 1889 641 1952 ad
665 1892 760 1953 hunc
785 1909 927 1953 sensum
952 1889 1120 1952 usitatum
1142 1889 1218 1953 fuit.

144 1996 188 2058 Et
211 1996 331 2061 datum
356 2004 407 2061 est
430 2017 472 2061 ex
495 2016 594 2078 sono,
620 1997 710 2061 sicut
732 2002 956 2076 taratantara,
972 2002 1097 2060 turturss
1114 2033 1156 2040 —
1175 2033 1214 2042 -

145 2104 184 2166 In
217 2104 314 2168 omni
348 2111 465 2168 autem
498 2122 620 2186 genere
653 2124 715 2167 seu
746 2105 856 2186 ligura
885 2109 996 2186 potest
1020 2102 1214 2167 nominatio

142 2211 266 2292 valere,
291 2212 352 2275 sed
377 2212 527 2276 maxime
551 2212 588 2276 in
604 2213 715 2294 gravi,
737 2210 819 2275 etin
839 2210 936 2274 omni
952 2228 1074 2292 genero
1091 2230 1214 2287 causae,

142 2318 203 2380 sed
238 2319 346 2400 magis
381 2319 417 2381 in
450 2319 734 2399 demonstrativo,
758 2318 795 2381 in
820 2317 1084 2381 confirmatione
1108 2325 1141 2381 et
1164 2338 1213 2381 re-

142 2426 383 2507 prehensione.
432 2427 547 2489 Etiam
571 2426 662 2489 valet
687 2423 737 2510 [et]
764 2426 800 2488 in
825 2425 902 2489 aliis
926 2423 1084 2508 partibus
1100 2426 1213 2514 rheto-

142 2531 221 2595 ricae
245 2533 412 2597 orationis
437 2540 560 2616 praeter
583 2533 620 2596 in
644 2531 797 2598 exordio.
847 2533 890 2595 Et
913 2534 980 2596 hoc
996 2538 1136 2615 propter
1152 2551 1212 2595 no·

143 2639 282 2702 vitatem
306 2640 504 2721 verborum,
520 2640 604 2723 quia
620 2639 883 2722 quodammodo
900 2639 1081 2721 derogaret
1098 2646 1214 2702 orator
1296 2634 1299 2640 ’

141 2747 290 2811 orationi
315 2767 397 2827 suae,
422 2748 451 2809 si
476 2747 596 2811 crebro
619 2747 725 2811 verba
742 2766 833 2810 nova
849 2753 992 2830 poneret
1008 2747 1043 2809 in
1061 2746 1212 2822 e'xordi0‚

141 2860 174 2918 et
204 2873 284 2918 cum
318 2854 457 2918 deberet
486 2862 624 2938 captare
657 2853 946 2934 benevolentiam,
987 2853 1212 2917 attentionem

140 2967 173 3024 et
208 2961 431 3041 docilitatem,
462 2961 700 3024 fastidirentur
728 2960 913 3024 auditores.
961 2960 1052 3037 Quia
1077 2960 1212 3048 novitas

140 3068 208 3132 cito
233 3069 322 3150 parit
346 3068 550 3132 satietatem.

230 3230 283 3306 lV‚
308 3231 347 3292 31
373 3227 396 3312 ξ
418 3232 461 3293 42
486 3231 559 3293 Hoc
581 3248 707 3311 qenere.
756 3228 988 3292 Commendat
1011 3210 1162 3293 colorem
1180 3235 1213 3292 et

139 3336 249 3415 docet,
275 3336 370 3419 quod
394 3355 472 3399 raro
497 3336 665 3400 debemus
690 3336 751 3412 uti,
777 3336 963 3400 ostendens
988 3355 1110 3418 quare:
1129 3336 1212 3418 quia

139 3443 169 3506 si
192 3444 398 3526 frequenter,
423 3445 517 3526 quod
542 3444 676 3506 insueta
701 3449 734 3506 et
750 3443 916 3507 inusitata
932 3449 1014 3505 sunt
1029 3442 1212 3518 vocabula,
1311 3500 1313 3504 Α

139 3549 328 3614 offenderet
351 3549 536 3614 auditores.
584 3550 687 3613 Verbi
711 3551 805 3613 enim
829 3549 978 3629 novitas,
1002 3549 1031 3612 si
1052 3549 1211 3633 frequen·

138 3664 197 3734 ter,
237 3657 405 3734 odiosam,
444 3658 473 3720 si
513 3654 652 3734 raram,8
687 3657 724 3719 in
763 3658 851 3736 loco,
890 3655 1060 3720 illustrem
1099 3656 1212 3719 reddit

231 3871 240 3906 ¹
267 3881 513 3952 Orromatopeya.
562 3870 574 3907 ‘²
600 3896 672 3934 raro
697 3879 826 3947 sortasse
850 3879 1020 3949 legendum»
