2716 4254
589 216 766 276 ..34-

141 391 244 454 rerba
280 391 461 454 contrariis
498 391 612 454 verbis
648 392 881 473 assignantur3
918 393 977 456 lrio
1003 395 1221 458 eontrarium

140 503 267 576 autem,
302 498 484 562 contrariae
522 517 576 562 res
615 499 797 562 contrariis
837 499 941 563 rebus
983 500 1220 582 assignantur.

142 607 332 689 Utrumque
357 622 436 687 ergo
461 605 636 669 contentio
660 611 721 685 est,
739 606 800 670 sed
817 606 875 670 illa
892 612 965 670 erat
983 608 1019 671 in
1040 627 1220 691 compara·

139 712 232 777 tione
263 712 514 776 contrariorum
544 713 741 795 verborum,
767 714 841 777 haec
864 734 945 777 vero
971 734 1013 777 ex
1040 735 1219 798 compara-

139 819 232 883 tione
260 819 512 883 contrariarum
537 839 665 900 reruni,
690 827 727 882 ut
751 827 844 904 patet
867 820 904 883 in
932 822 1119 904 exemplis.
1170 823 1217 886 lbi

141 924 212 1010 [vos
237 923 351 1010 huius]
376 927 528 1010 primum
555 928 648 990 enim
673 928 773 1010 ponit
795 929 994 1012 exemplum
1011 921 1059 993 de
1077 937 1217 994 conten-

139 1033 243 1113 tione,
276 1053 353 1115 quae
388 1035 498 1097 estin
523 1034 698 1098 coloribus
722 1035 919 1115 verborum,
944 1035 1075 1101 deinde
1099 1037 1146 1101 de
1170 1057 1216 1117 ea,

139 1160 217 1223 quae
241 1141 350 1205 estin
375 1140 550 1205 coloribus
576 1141 838 1222 sententiarum,
855 1148 893 1206 ut
917 1142 1004 1206 bene
1029 1151 1153 1225 pateat
1169 1145 1216 1207 in·

138 1253 189 1310 ter
213 1266 251 1311 ea
277 1247 480 1311 differentia.

230 1426 351 1505 1V,45
384 1424 473 1509 §58
507 1425 655 1489 inimicis
691 1431 719 1489 le
749 1427 949 1510 placabilem
988 1429 1088 1493 Istud
1125 1430 1216 1494 idern

140 1533 336 1616 exemplum
362 1533 478 1616 posuit
502 1533 688 1617 superius.¹
721 1534 787 1597 Hic
810 1534 982 1598 contraria
1006 1537 1119 1600 verba
1141 1557 1217 1602 con·

139 1639 253 1703 trariis
277 1646 424 1723 possunt
448 1639 578 1704 referri:
606 1640 758 1704 inimicis
786 1647 818 1704 et
839 1641 976 1733 amieis;
1002 1642 1217 1725 placabilem

139 1753 172 1810 et
196 1746 455 1810 inexorabilem.

135 1966 137 1970 -
230 1927 284 2006 IV,
320 1929 362 1989 45
398 1927 420 2010 ξ
455 1930 497 1990 59
532 1926 722 1991 Similitudo
757 1926 944 2014 nupapotffl
968 1933 1028 1991 aut
1066 1932 1215 1996 omnino

138 2032 309 2119 ὁμοιότης*
357 2034 412 2096 Fit
436 2040 562 2110 autem,
588 2034 729 2116 quando
753 2034 925 2098 trahimus
942 2033 1101 2118 aliquam
1120 2037 1213 2102 sirni-

138 2141 320 2204 titudinem
347 2160 398 2212 ex,
411 2140 513 2203 rebus
531 2141 777 2218 dissimilibus,
795 2148 878 2224 puta
894 2141 1077 2206 traducere
1095 2144 1215 2208 simili-

138 2247 295 2310 tudinem
330 2246 541 2311 fortitudinis
575 2254 634 2311 aut
668 2248 960 2329 magnanimitatis
994 2269 1035 2311 ex
1066 2251 1214 2331 Caesare,

138 2355 248 2434 leone,
273 2374 353 2419 cum
380 2355 465 2418 alter
488 2355 532 2418 sit
556 2355 663 2419 homo
687 2362 720 2418 et
744 2357 829 2419 alter
852 2355 977 2419 bellua.
1010 2355 1068 2420 sie
1086 2357 1214 2422 descri-

139 2462 245 2525 bitur:
271 2462 469 2526 Similitudo
494 2469 545 2526 est
568 2462 740 2526 traductio
765 2462 912 2526 alicuius
928 2463 1156 2546 proprietatis
1173 2466 1215 2529 ab

138 2568 206 2632 alia
241 2569 284 2632 ad
321 2569 476 2651 aliquam
513 2589 584 2633 rem
621 2589 682 2652 per
717 2569 894 2653 quandam
932 2569 1214 2637 similitudinem.

140 2676 248 2754 Quasi
280 2676 418 2756 diceret,
449 2676 642 2740 similitudo
667 2684 716 2740 est
741 2696 855 2741 rerum
880 2676 1099 2742 diversarum
1126 2681 1215 2744 inter

138 2804 174 2847 se
208 2783 423 2860 assimilatio
449 2804 519 2847 non
549 2784 644 2848 iuxta
669 2784 957 2867 compositionem
982 2788 1213 2868 corporalem,

138 2912 181 2955 ne
210 2891 254 2954 sit
282 2891 408 2971 imago,
435 2897 467 2954 et
490 2892 622 2974 absque
646 2911 794 2971 persona
818 2898 920 2972 certa,
945 2912 988 2955 ne
1012 2894 1074 2956 fiat
1099 2908 1213 2959 exem·

139 3000 247 3082 plum.
288 2997 408 3061 Oratio
433 3017 582 3081 quoque,
607 3018 675 3080 qua
701 2998 786 3061 illud
811 2999 1016 3083 proponitur
1042 3000 1081 3062 in
1098 3002 1214 3081 rebus,

139 3105 331 3170 similitudo
364 3111 517 3168 vocatur.
565 3106 760 3170 Translatio
789 3113 905 3170 autem
930 3113 1073 3170 ornatus
1099 3108 1214 3173 differt

139 3214 184 3277 ab
217 3214 285 3276 hoc
316 3212 556 3275 similitudinis
581 3219 716 3293 ornatu,
741 3215 823 3297 quia
848 3214 1028 3278 translatio
1053 3217 1213 3281 conside-

139 3327 235 3385 ratur
258 3320 294 3383 in
319 3321 395 3400 hoc,
420 3320 514 3401 quod
540 3341 649 3384 unum
674 3322 820 3385 verbum
844 3321 1047 3385 transfertur
1073 3342 1115 3386 ex
1135 3344 1213 3407 pro·

140 3429 215 3511 pria
246 3427 497 3510 significatione
531 3428 575 3490 ad
608 3428 723 3491 aliam.
772 3428 969 3492 Similitudo
993 3449 1076 3493 vero
1101 3438 1155 3494 est
1180 3432 1213 3494 in

139 3543 210 3599 tota
238 3535 417 3615 sententia,
443 3554 504 3617 per
527 3555 633 3617 quam
657 3535 851 3598 ostenditur
874 3536 991 3619 aliqua
1016 3536 1213 3602 similitudo

140 3645 228 3706 inter
252 3643 378 3726 aliqua.

233 3930 242 3965 ¹
267 3939 313 4009 n',
341 3940 373 3994 15
398 3941 415 4007 ,ξ’
439 3940 484 3995 21.
533 3929 544 3964 '⁶'
571 3937 717 4010 parauoli
740 3937 772 3990 u.
