2716 4254
595 179 772 239 -48-

145 361 240 418 vum,
265 340 348 403 item
372 340 513 403 tertium
537 338 582 401 ad
602 338 914 401 demonstrativum
933 338 1129 403 secundum
1146 339 1221 402 lau·

141 447 221 511 dem
257 452 357 511 certae
396 466 565 530 personae,
602 452 765 528 quartum
797 445 841 507 ad
878 445 1041 509 iudiciale
1074 452 1221 529 spectat.

141 556 245 618 Notat
268 554 385 637 itaque
408 555 504 617 locos
530 554 566 616 in
594 554 650 617 his
675 552 852 635 exemplis,

231 698 287 776 IV,
315 698 356 759 14
379 693 461 781 §20
488 695 679 779 complexio
699 701 754 758 est.
782 696 865 758 Haec
888 695 1015 758 dicitur
1038 715 1059 758 a
1076 697 1222 780 συμπλο-

142 805 226 869 κίω1
250 805 271 867 i.
291 824 318 867 e.
336 805 556 886 complector.
601 802 804 886 Complexio
833 808 884 866 est
912 802 1037 866 similis
1058 803 1222 867 eiusdem

145 911 309 995 principii
334 917 367 974 et
391 911 470 973 finis
494 911 662 994 repetitio.

234 1018 340 1082 Videte
364 1038 448 1101 erpo.
488 1019 562 1082 Hoc
586 1038 657 1080 non
685 1024 737 1080 est
761 1018 803 1080 de
827 1018 953 1097 colore,
977 1017 1038 1080 sed
1062 1024 1116 1081 est
1140 1039 1220 1083 sen·

143 1127 261 1190 tentiae
285 1126 453 1190 orationis
477 1125 640 1209 perfectio
665 1131 698 1188 et
721 1125 899 1207 superiora
923 1125 1111 1188 concludit.

235 1231 417 1311 conueniat,
448 1240 510 1297 etc.
561 1234 604 1295 Et
632 1234 698 1295 hoc
723 1233 921 1315 exemplum
945 1238 997 1296 est
1020 1231 1221 1299 deliberati·

144 1362 240 1417 vum,
264 1358 412 1424 sequens
437 1346 553 1403 a'utem
578 1340 620 1403 de
646 1340 799 1403 iudiciali
825 1346 1015 1422 sumptum.

232 1469 306 1511 eum
332 1469 398 1511 oos.
437 1448 513 1511 Hoc
537 1468 608 1511 non
634 1454 685 1511 est
708 1448 751 1510 de
775 1448 901 1527 colore,
918 1447 978 1510 sed
996 1447 1117 1510 finitur
1133 1467 1219 1512 oon-

143 1557 254 1620 elusio
288 1555 475 1619 sententiae.
524 1555 727 1638 Complexio
761 1556 854 1618 enim
889 1560 940 1617 est
973 1554 1221 1634 uniusverbi,

143 1664 284 1727 alterius
309 1664 344 1725 in
369 1663 554 1745 principio,
579 1662 721 1725 atterius
746 1663 781 1724 in
800 1664 879 1743 fine,
897 1663 933 1725 in
950 1662 1106 1725 diversas
1123 1664 1221 1727 etau-

145 1772 240 1834 sulas
265 1776 425 1853 repetere.

230 1915 286 1993 IV,
306 1916 346 1977 14
370 1912 451 1997 §20
494 1912 678 1989 Trudurtio,
704 1909 902 1990 Μετοίθεσις
925 1930 1043 1994 graece.
1095 1912 1140 1975 Et
1165 1921 1220 1978 est

142 2021 298 2085 eiusdem
332 2020 495 2084 vocabuli
528 2020 765 2103 transpositio,
799 2040 892 2083 nune
920 2020 965 2083 ad
989 2019 1219 2104 principium3

139 2149 236 2192 nunc
270 2128 314 2191 ad
348 2120 585 2206 finem,'nunc
619 2127 663 2189 ad
695 2127 862 2207 medium,
892 2133 1023 2191 utnon
1048 2128 1092 2191 sit
1116 2129 1219 2193 locus

145 2243 407 2300 certus--—

232 2343 297 2422 Qui
319 2342 414 2406 nihii.
455 2344 516 2405 Est
540 2343 576 2405 in
602 2359 724 2423 genere
748 2342 983 2406 deliberativo.
1024 2344 1067 2406 Et
1083 2343 1219 2428 carpit¹

142 2470 264 2529 unum,
297 2452 358 2534 qui
383 2450 489 2513 dabat
513 2469 655 2532 operam
680 2450 805 2528 solum,
830 2456 867 2512 ut
890 2451 1020 2514 viveret
1043 2450 1116 2531 diu,
1141 2472 1217 2516 non

141 2565 179 2621 ut
204 2564 293 2621 recte
318 2559 456 2621 viveret.

228 2703 284 2781 lv,
303 2704 343 2764 14
367 2703 447 2786 §20
473 2703 568 2763 Item:
597 2702 685 2762 Eum
713 2699 890 2763 homiuem.
930 2703 1004 2764 Hoc
1031 2709 1081 2765 est
1097 2722 1215 2790 exem-

141 2811 239 2893 plum
265 2810 301 2871 in
327 2826 447 2890 genere
473 2807 629 2871 iudiciali
660 2828 721 2890 per
742 2809 970 2872 mutationem
988 2810 1095 2872 solius
1112 2829 1216 2874 voca-

141 2918 227 2996 buli,
252 2917 294 2979 de
319 2936 389 2979 uno
414 2916 474 2999 qui
499 2915 679 2978 hominem
704 2915 886 2979 occiderat.

232 3060 287 3137 IV,
314 3062 354 3122 14
387 3058 471 3141 §21
511 3058 544 3121 in
576 3059 679 3121 alteru
710 3079 752 3120 ro.
802 3059 915 3122 Utitur
939 3060 1065 3142 saepius
1091 3060 1213 3126 Cicero

140 3169 206 3230 hoc
231 3166 401 3229 vocabulo
427 3167 499 3230 'res'
526 3186 589 3248 pro
614 3166 899 3247 significatione,
925 3167 1013 3229 sicut
1037 3167 1103 3231 hic.

230 3311 344 3388 {1214
368 3308 446 3392 §21
476 3308 557 3371 inest
579 3307 745 3390 festivitas
783 3310 899 3391 lnquit
916 3310 1061 3391 quidam
1078 3312 1210 3375 rhetor:

139 3417 270 3480 habent
294 3417 396 3480 etiam
423 3416 663 3494 acrimoniam,
688 3416 776 3478 sicut
801 3417 968 3499 repetitio.

228 3561 284 3639 IV,
313 3564 352 3622 15
386 3558 470 3640 §21
511 3558 687 3635 contentio,
720 3560 834 3622 Gra‘ce
865 3557 1045 3625 α’ντίθετον
1070 3557 1210 3646 [latine]‚

141 3667 309 3750 quoniam
346 3668 381 3730 in
418 3687 457 3730 ea
491 3665 664 3730 contraria
699 3667 881 3729 contrariis
917 3674 1104 3750 ponuntur.
1154 3669 1211 3732 Fit

231 3883 241 3920 1
267 3888 473 3964 simplochco
523 3884 535 3919 '·'
558 3889 660 3966 carpit
683 3890 715 3959 V,
740 3889 823 3964 capit
847 3890 876 3945 h.
