2716 4254
567 207 742 268 -13-

163 365 189 444 Ι,
215 368 232 426 7
249 362 272 448 ξ
290 366 327 427 11
345 385 387 426 ex
403 364 570 428 contrario
586 365 631 428 le·
723 366 841 443 Quint.
868 368 924 444 lV‚
951 369 964 429 1
992 365 1015 451 ξ
1031 371 1087 430 71;
1116 367 1191 430 Alia

116 472 631 555 vitercommutatis.llludprae·
678 473 1190 539 exordiorumvitiaveriustra-

117 579 244 642 cedens
267 579 431 643 vitiosum
460 586 521 658 est,
549 580 632 662 quia
679 581 1190 664 diderunt.---quodad-

117 685 474 750 adversariuseodem
492 687 629 770 penitus
676 688 848 751 versarius
872 689 908 751 in
938 709 1038 752 suam
1063 688 1189 751 utilita-
1270 729 1276 740 ·

116 801 227 878 potest
251 795 311 857 uti.
346 796 420 857 Hoc
437 801 552 857 autem
569 814 629 877 po·
676 802 745 858 tem
770 796 947 859 deflectere
968 801 1080 879 potest
1097 815 1189 859 com·

116 908 182 965 test
206 902 267 982 uti,
291 903 351 965 sed
376 921 416 964 eo
440 902 514 964 solo
537 921 630 965 com·
677 903 844 967 mutabile
867 903 925 987 (sc.
950 901 1164 987 appellatur).

119 1015 262 1089 mutato,
278 1009 313 1071 in
333 1028 402 1093 quo
419 1028 525 1072 causa
541 1009 632 1072 vide-

117 1124 174 1180 tur
208 1117 354 1180 differre.
412 1116 515 1194 Quod
553 1116 631 1179 ideo

118 1225 357 1303 Quintilianus
394 1228 496 1286 vocat
511 1226 521 1246 ⁰
536 1243 630 1286 exor-

118 1332 215 1394 dium
239 1331 496 1396 commutabile.

164 1440 206 1518 ΙΙ,
241 1436 354 1523 2§2
390 1438 629 1522 epicheremata
721 1439 838 1516 Quint.
865 1441 904 1519 V,
930 1439 1082 1524 llgll:
1110 1441 1188 1523 Epi-

118 1547 220 1625 Quod
236 1547 272 1609 in
290 1546 397 1609 latino
415 1553 515 1610 sonat
532 1563 630 1627 argu·
677 1547 836 1610 cherema
867 1553 982 1610 autem
1008 1548 1104 1611 nullo
1128 1548 1189 1610 ‹lil-

116 1653 628 1732 mentquuintilianusenim
676 1654 1188 1738 fcrtasyllogismis,nisiquod

116 1761 151 1823 in
166 1761 380 1842 Vdistinguit
389 1761 628 1843 syllogismum
676 1762 725 1823 illi
738 1768 770 1825 et
782 1762 898 1844 plures
912 1762 1040 1825 habent
1056 1763 1187 1845 species

117 1869 161 1931 ab
207 1868 518 1951 epicherematibus
562 1870 630 1931 hoc
676 1876 707 1931 et
724 1888 803 1932 vera
820 1868 986 1949 colligunt
1001 1869 1101 1948 veris,
1118 1870 1187 1951 epi-

118 1975 233 2055 modo,
270 1973 365 2058 quod
406 1975 628 2058 syllogismus
670 1975 1188 2058 cherematisfrequentiorcirca

116 2089 166 2146 est
193 2088 448 2165 argumentum,
473 2083 533 2145 ubi
561 2090 627 2145 tra·
675 2083 853 2147 credibilia
878 2089 929 2146 est
953 2103 1047 2146 usus.

117 2190 210 2253 ditur
239 2210 294 2253 res
322 2209 402 2253 vera
427 2196 459 2253 et
482 2191 630 2272 pertinet

116 2298 161 2361 ad
190 2297 422 2376 dialecticum,
447 2298 507 2380 qui
539 2297 630 2379 cogit

114 2405 217 2468 etiam
253 2404 429 2467 nolentem
467 2424 528 2487 per
558 2405 630 2467 vim

114 2517 398 2594 argumentorum
424 2512 627 2574 consentire.

116 2619 379 2701 Epicheremata'
420 2624 511 2696 sunt,
552 2641 629 2702 quae

114 2723 265 2789 hahentl
289 2726 342 2789 vel
361 2745 441 2788 uera
460 2732 520 2788 aut
545 2727 629 2789 veri-

39 2815 41 2818 ⁴
114 2833 242 2896 similia
259 2840 291 2897 et
307 2833 479 2916 pertinent
498 2834 541 2896 ad
555 2853 629 2896 ora-

114 2947 204 3004 tores
228 2977 272 2986 -
295 2977 339 2986 -—

158 3048 202 3128 ll,
216 3051 258 3112 26
268 3046 291 3132 ξ
302 3050 344 3110 42
355 3047 528 3131 ¹dissentire
538 3049 627 3110 Nam
720 3047 838 3125 Quint.
852 3048 907 3126 lv,
920 3050 938 3108 2
950 3043 972 3130 ξ
982 3050 1020 3109 91
1033 3070 1038 3108 :
1053 3067 1188 3110 verum-

113 3152 163 3218 sic
174 3155 514 3233 dixitQuintilianus:
527 3175 627 3239 opor·
674 3174 741 3238 que
771 3160 821 3217 est
845 3153 943 3232 illud,
967 3154 1061 3236 quod
1086 3154 1188 3234 vulgo

113 3268 160 3325 tet
184 3282 373 3326 memorem
395 3283 469 3326 esse
486 3262 627 3326 menda·
675 3262 811 3339 dicitur,
830 3261 1033 3324 mendacem
1058 3280 1188 3323 memo-

112 3388 196 3433 cem.
670 3389 742 3432 rem
768 3389 842 3432 esse
866 3374 1031 3451 oportere.

205 3478 383 3540 Interdum
407 3484 523 3540 tamen
548 3497 673 3560 parum
698 3477 910 3540 conveniunt
933 3476 1021 3537 inter
1046 3495 1092 3554 se,
1110 3496 1187 3557 quen

115 3584 334 3662 Quintiliano
357 3584 391 3647 in
410 3585 551 3648 scholiis
569 3584 805 3647 attribuuntur
823 3590 855 3646 et
874 3603 924 3662 ea,
942 3603 1019 3666 quae
1037 3583 1073 3644 in
1092 3582 1188 3644 insti-

113 3692 247 3755 tutione
270 3691 419 3754 oratoria
436 3693 529 3775 apud
547 3713 627 3756 eum
645 3693 814 3773 leguntur.
848 3691 953 3769 Quin,
971 3690 1074 3752 ctiam
1092 3709 1187 3772 pror-

203 3905 214 3942 ¹
238 3915 357 3971 habent
380 3915 417 3984 V3
441 3917 597 3987 apparent
621 3915 650 3969 h.
