2716 4254
599 224 776 283 -75-

241 379 296 457 IV,
320 381 363 443 34
386 379 409 463 ξ
432 382 475 444 46
500 379 638 443 illudens
667 397 808 461 porcum
843 382 887 444 Ut
910 379 940 442 si
963 379 1041 463 quis
1066 380 1218 464 aliquem

147 484 322 568 gigantem
356 485 545 550 deridendo
576 506 709 550 nanum
739 487 901 570 appellet3
926 486 1059 552 ironica
1083 493 1134 550 est
1157 507 1218 550 seu

145 590 347 675 οἷντιλογίοι1
371 613 449 677 quae
482 593 608 658 dicitur
641 611 749 676 graece
779 594 951 676 allegoria.
1001 593 1066 657 Hic
1097 593 1215 657 adver·

146 699 306 763 tendum:
332 701 448 765 omnis
481 700 642 782 allegoria
674 720 736 784 per
767 701 979 765 contrarium
1010 700 1123 764 ironia
1152 708 1216 777 est;

146 806 208 870 sed
233 827 304 872 non
328 808 547 888 convertitur,
572 808 654 890 quia
678 808 797 872 multae
821 808 941 873 ironiae
964 809 1000 871 in
1017 807 1216 872 auctoribus

148 911 197 997 [in
230 913 454 1000 auctoribusl,
478 935 556 998 quae
589 935 661 979 non
694 921 775 979 sunt
799 916 973 997 allegoria,
997 915 1080 998 quia
1105 914 1215 978 ironia

145 1021 336 1102 aliquando
351 1043 412 1105 per
427 1023 645 1105 negationem
662 1023 701 1085 fit
717 1028 749 1084 et
766 1042 837 1085 non
853 1023 897 1086 ad
910 1029 1107 1112 personum.
1119 1058 1217 1069 —-

238 1165 293 1242 lV,
317 1167 360 1228 34
383 1163 406 1249 ξ
428 1167 471 1229 46
495 1169 703 1229 transeamus
731 1166 774 1230 ad
810 1167 1052 1246 exornationes
1081 1172 1216 1229 seuten-

145 1271 283 1334 tiarum.
320 1271 591 1336 Advertendum:
607 1273 796 1337 Exornatio
809 1274 1058 1363 sententiarum
1075 1280 1125 1336 est
1142 1274 1216 1355 pul-

145 1377 308 1443 chritudo
332 1379 499 1443 orationis
523 1400 564 1443 ex
587 1379 674 1463 ipsis
699 1380 802 1444 rebus
826 1381 981 1461 veniens,
999 1401 1070 1445 non
1088 1400 1129 1443 ex
1145 1399 1215 1443 ver-

145 1484 210 1548 bis.
259 1485 301 1548 Et
333 1506 374 1549 ex
398 1486 501 1550 rebus
525 1487 719 1570 dupliciter,
743 1487 796 1550 vel
821 1487 903 1569 quia
928 1508 980 1551 res
1005 1494 1086 1551 sunt
1109 1488 1215 1551 hone-

144 1598 207 1654 stae
231 1593 284 1655 vel
308 1612 349 1655 ex
373 1593 518 1674 pulchra
543 1613 662 1657 eurum
687 1594 916 1658 ordinatione.
964 1595 1055 1673 Quia
1083 1593 1214 1657 dictum

145 1705 196 1762 est
220 1699 308 1762 bene
333 1701 502 1783 superius,
521 1700 616 1783 quod
632 1707 775 1764 ornatus
792 1701 978 1764 verborum
997 1708 1048 1765 est
1064 1701 1215 1785 pulchri-

144 1806 230 1869 tudo
264 1807 432 1870 orationis
464 1808 607 1871 veniens
641 1828 682 1871 ex
715 1808 873 1891 pulchra.
894 1808 1151 1872 construetione
1175 1815 1216 1871 et

144 1912 364 1978 ordinatione
386 1914 573 1978 verborum
598 1914 765 1998 ipsorum.
813 1914 966 1978 Ornatus
982 1934 1064 1979 vero
1080 1921 1214 1978 senten·

143 2019 273 2083 tiamm
309 2027 360 2084 est
394 2021 619 2103 pulchritudo
647 2020 814 2085 orationis
838 2021 981 2085 veniens
1005 2040 1046 2085 ex
1070 2022 1215 2104 pulchra

144 2126 364 2191 ordinatione
398 2148 525 2208 rerum,
549 2130 631 2211 quia
665 2128 725 2192 tali
760 2128 865 2192 modo
889 2135 1037 2212 possunt
1061 2129 1214 2193 ordinari

143 2253 198 2296 res
223 2234 259 2296 in
283 2235 450 2311 oratione,
475 2235 570 2319 quod
594 2237 740 2318 pulchra
764 2242 815 2298 est
838 2235 948 2299 oratio
972 2273 1015 2282 —-
1032 2235 1092 2299 tali
1109 2237 1214 2300 modo

143 2347 294 2419 econtra,
320 2342 413 2425 quod
439 2343 575 2406 videtur
597 2344 709 2426 turpis
734 2343 854 2406 oratio.
903 2344 1018 2421 Quare
1034 2343 1147 2427 prima
1164 2350 1215 2406 est

142 2446 352 2529 distributio,
389 2469 469 2512 cum
506 2449 757 2523 distribuimus,
793 2449 813 2510 i.
850 2469 877 2511 o.
911 2449 1158 2531 distinguimus
1182 2457 1214 2512 et

141 2552 333 2618 dividimus
368 2576 468 2620 suam
501 2556 745 2639 proprietatem
780 2554 968 2638 unicuique
1001 2556 1049 2618 rei
1083 2562 1115 2619 et
1139 2555 1213 2620 offr-

142 2659 248 2728 cium.
286 2663 363 2726 Hie
385 2663 473 2726 bene
498 2669 651 2746 apparet,
675 2663 770 2746 quod
794 2669 937 2726 omatus
961 2682 1033 2726 non
1050 2663 1157 2745 surgit
1173 2683 1214 2726 ex

140 2767 227 2850 ipsis
262 2769 366 2833 rebus
402 2777 461 2833 aut
496 2790 536 2834 ex
573 2770 829 2835 constructione
862 2770 1059 2850 verborum,
1088 2770 1213 2833 sodex

140 2874 386 2940 distributione
411 2896 537 2941 rerum.
561 2913 605 2922 -
628 2915 672 2922 -

232 3020 288 3098 IV,
312 3023 355 3083 35
378 3018 401 3101 ξ
424 3022 464 3083 47
491 3019 684 3083 Distributio
710 3021 897 3101 Hucusque
927 3021 993 3102 egit
1022 3020 1064 3083 de
1088 3027 1212 3084 ornatu

140 3126 339 3206 verborum,
364 3128 491 3190 amodo
525 3146 606 3190 vero
638 3127 680 3189 de
704 3132 829 3190 ornatu
853 3127 1101 3190 sententiarum
1126 3135 1212 3190 trac.-

140 3239 233 3296 tatus
266 3239 475 3297 contexetur.
541 3234 606 3298 Sed
639 3233 723 3316 quid
757 3233 801 3295 sit
832 3222 1028 3316 utrumque,
1053 3234 1211 3317 superius

139 3339 273 3404 dictum
298 3347 358 3404 est.
408 3341 495 3403 Illud
521 3347 638 3404 tamen
663 3347 798 3404 tantum
821 3340 1022 3404 meminisse
1039 3341 1212 3419 volumus,

140 3447 235 3529 quod
266 3455 408 3511 ornatus
432 3448 618 3511 verborum
643 3448 687 3512 ad
711 3448 816 3511 verba
841 3447 1044 3527 referuntur,
1068 3454 1211 3511 ornatus

140 3554 388 3618 sententiarum
414 3555 458 3618 ad
483 3555 688 3618 sententiam
712 3561 858 3618 tantum.
892 3555 934 3616 Et
957 3555 1033 3617 haec
1049 3554 1209 3638 quaedam

103 3742 105 3747 Ι
139 3662 308 3742 generalis
333 3662 525 3724 differentia
550 3662 640 3725 inter
663 3661 737 3724 ista.
763 3699 806 3706 —
829 3698 872 3707 —
896 3697 936 3706 -
963 3662 1210 3724 Potesttamen

141 3842 296 3848 .--.—-..-..->.
323 3843 394 3848 ψῃ..
413 3842 507 3847 -η-...ψ
539 3843 558 3847 ..
575 3843 589 3848 .-
639 3843 717 3848 --—.-
735 3841 939 3848 .-...—--.--->..
966 3842 1060 3847 Ᾰ---.ω
1072 3842 1120 3847 r-,-
1135 3842 1145 3845 -

232 3929 242 3965 ¹
267 3938 425 3992 antitonis
