2716 4254
584 172 761 231 „72-

225 347 280 425 lV,
305 348 347 409 33
371 345 393 429 ξ
417 347 459 408 44
501 347 583 409 Herc
617 345 759 409 sumitur
793 346 974 429 separatim
1015 350 1222 433 Hyperbole

136 452 326 534 aliquando
350 454 389 516 fit
412 472 473 535 per
496 473 543 533 se,
567 452 615 516 ita
638 453 733 536 quod
755 453 804 516 nil
821 453 880 516 alii
897 463 1146 537 comparatur,
1163 457 1221 520 ali·

137 559 279 642 quando
303 577 364 643 per
388 559 697 642 comparationem,
721 560 816 643 quod
841 560 974 644 aliquid
991 562 1056 625 alii
1074 583 1220 648 compa·

136 673 241 730 ratur.
289 667 392 730 Color
426 674 541 730 autem
577 666 641 731 iste
675 667 766 730 valet
800 667 837 730 in
871 667 968 731 omni
1004 669 1136 752 ligura,
1162 671 1221 735 sed

136 774 246 856 magis
281 774 316 836 in
349 774 454 856 gravi.
503 775 542 836 ln
576 775 673 838 omni
702 792 824 855 genere
848 794 961 839 causae
986 796 1091 859 aeque
1118 780 1221 842 valet.

138 881 332 944 Plurimum
358 879 418 944 adl
442 881 730 964 amplificandum
754 883 854 945 valet.

228 1024 283 1104 lv,
307 1026 350 1087 33
373 1022 395 1108 ξ
419 1025 461 1086 44
494 1029 592 1107 alque
625 1044 744 1104 occasu
778 1022 948 1086 metiemur
981 1026 1062 1090 Hoc
1085 1028 1220 1092 falsum

138 1138 199 1211 est,
234 1131 328 1213 quia,
352 1138 390 1193 ut
424 1131 537 1213 inquit
571 1130 706 1194 Tullius
742 1129 796 1214 (de
831 1129 1005 1215 somn<i>o
1039 1134 1222 1218 Scipionis

138 1235 265 1323 libror,
289 1259 369 1302 cum
391 1238 535 1320 quidam
553 1237 701 1301 Romani
718 1258 824 1321 supra
841 1239 1038 1322 Caucasum
1056 1251 1221 1307 montcm

139 1345 338 1425 astitissent,
362 1352 395 1409 et
430 1345 639 1428 interrogati,
676 1345 735 1428 qui
772 1352 895 1426 essent,
929 1347 1162 1429 respondisse
1186 1371 1222 1414 se

139 1472 213 1515 esse
248 1454 437 1533 Romanos,
473 1452 572 1516 valde
606 1452 721 1514 mirati
745 1458 827 1514 sunt
851 1454 1052 1516 Romanum
1076 1455 1220 1520 vitium.

230 1595 286 1674 lV,
311 1599 353 1658 33
370 1597 392 1678 ς
408 1596 450 1657 44
477 1596 618 1677 Corpore
642 1595 776 1676 Corpus
793 1594 867 1658 eins
884 1595 1004 1659 album
1022 1604 1112 1678 erat,
1131 1599 1222 1663 sicut

141 1701 199 1764 nix
233 1707 294 1782 est,
319 1702 376 1765 hie
409 1708 460 1764 est
494 1722 628 1781 sensus,
652 1702 705 1764 vel
738 1701 868 1765 candor
891 1702 965 1765 eius
990 1702 1123 1768 similis
1149 1713 1221 1770 erat

140 1808 284 1872 candori
318 1808 419 1886 nivis,
443 1815 602 1892 aspectus
636 1808 751 1872 ardori
776 1809 875 1891 ignis,
924 1809 1145 1876 Huiusmodi
1170 1821 1221 1877 cst

139 1916 176 1978 in
209 1916 400 1999 evangelio:
438 1916 531 1979 'Erat
565 1922 724 1998 aspectus
749 1915 823 1979 eius
847 1916 936 1979 sicut
959 1916 1087 1998 fulgur,
1113 1922 1218 1984 vesti·

141 2031 257 2086 menta
281 2024 355 2086 eius
379 2024 469 2086 sicut
493 2021 589 2085 nix’.·‘³

232 2166 286 2244 lv,
312 2169 353 2227 33
379 2165 401 2248 ξ
426 2167 468 2227 44
494 2165 667 2228 Intelleclio
683 2187 739 2228 seu
756 2165 931 2228 intellectus
955 2166 1083 2230 dicitur
1108 2187 1217 2250 grace

140 2269 345 2359 συνεκδοχή4.
380 2273 593 2336 Describitur
617 2272 679 2335 sic:
707 2272 895 2336 lntellcctio
920 2279 970 2335 est
993 2292 1055 2355 per
1071 2275 1216 2360 aliquod

140 2379 285 2442 verbum
310 2399 350 2442 ex
375 2386 470 2462 parte
495 2379 642 2443 alicuius
666 2380 772 2443 totius
796 2380 849 2442 vel
871 2399 1073 2444 econverso
1097 2385 1214 2466 cogui-

140 2486 199 2566 tio,
224 2487 244 2548 i.
271 2507 299 2549 e.
325 2486 511 2550 intellectio
544 2493 596 2549 est
619 2486 741 2566 oratio,
765 2506 834 2569 qua
858 2506 919 2569 per
941 2493 1051 2550 totam
1077 2508 1154 2553 rem
1179 2491 1215 2554 il-

141 2593 208 2657 lius
232 2600 365 2676 partem
390 2600 450 2656 aut
474 2614 534 2676 per
550 2600 683 2677 partem
704 2591 838 2674 <totam
856 2593 954 2676 rem>
974 2593 1216 2677 intelligimus

140 2707 199 2764 aut
231 2702 332 2784 plura
364 2721 425 2784 per
457 2721 568 2764 unum
592 2707 651 2763 aut
675 2721 735 2784 per
759 2721 868 2764 unum
893 2700 1003 2784 plura.
1052 2703 1096 2765 Et
1121 2706 1216 2767 color

141 2809 205 2872 iste
236 2808 271 2870 in
297 2807 485 2871 auctoribis
502 2808 629 2872 dicitnr
653 2804 864 2895 συνεκδοχήξ
888 2808 1031 2889 quando
1056 2808 1092 2871 in
1118 2818 1214 2893 parte

140 2922 251 2980 totum
276 2916 329 2979 vel
354 2915 390 2977 in
415 2922 486 2978 toto
510 2922 655 2999 partem,
679 2922 738 2978 aut
762 2915 798 2977 in
820 2914 945 2997 plurali
963 2914 1141 2997 singulare
1158 2925 1216 2981 aut

143 3030 282 3087 econtra
307 3023 517 3105 intelligitur.
565 3024 607 3085 Et
631 3043 728 3104 aeque
752 3023 842 3086 valet
866 3022 929 3084 iste
954 3023 1050 3086 color
1065 3023 1102 3085 in
1120 3024 1215 3106 gravi

141 3138 173 3194 et
204 3131 240 3193 in
278 3130 374 3193 omni
414 3148 535 3212 genere
566 3150 679 3193 causae
714 3136 827 3213 potest
861 3129 973 3192 valere
998 3128 1091 3192 etin
1115 3130 1214 3194 omni

139 3245 235 3321 parte
269 3237 436 3301 orationis
461 3244 691 3320 praeterquam
715 3238 751 3300 in
776 3236 930 3316 exordia,
955 3235 1037 3318 quia
1061 3236 1111 3299 ibi
1137 3257 1215 3301 raro

143 3346 270 3409 debent
296 3345 428 3407 colores
453 3344 621 3407 adhiberi.

234 3613 314 3677 ¹Ad
337 3620 510 3692 plurimum
536 3620 565 3674 lr.
623 3609 690 3673 ²1n
725 3635 838 3673 sonmo
873 3616 1028 3689 Scipionis
1052 3617 1084 3671 V.
1110 3647 1145 3654 —-
1172 3618 1215 3672 (tf.

144 3711 280 3766 Macrob.
305 3726 419 3765 comm.
444 3709 475 3763 in
506 3725 607 3764 somn.
633 3708 713 3780 Scip.
741 3710 778 3777 ΙΙ,
804 3708 912 3774 10§3:
938 3737 971 3744 —
996 3736 1029 3743 —
1053 3711 1217 3763 transcen-

143 3801 216 3854 dere
241 3800 416 3854 Caucasum
436 3791 570 3856 Romani
590 3797 727 3853 nominis
746 3797 828 3852 lama
847 3813 909 3850 non
927 3795 1032 3850 valuit.
1066 3786 1216 3868 3Evang.

143 3906 165 3942 s.
191 3889 297 3944 Matth.
321 3891 410 3955 (vers,
436 3887 526 3958 vulg.)
550 3888 593 3956 28,
611 3894 634 3940 3.
683 3878 695 3912 ⁴
720 3887 907 3941 Sinodoclre.
