2716 4254
618 256 660 263 -
688 222 750 281 124
775 255 816 263 --

275 377 368 443 10822
402 376 519 464 (20022)
555 381 598 458 11,
634 384 687 459 25,
721 383 761 442 75
786 385 845 443 aut
867 399 934 442 non
961 385 1132 464 tantopere
1158 382 1260 444 trone-

181 492 268 549 stum
305 492 364 549 out
397 507 464 549 non
489 492 656 569 tantopere
681 486 756 548 utite
780 493 839 550 aut
863 506 929 549 non
955 492 1125 570 tantopere
1152 508 1260 550 neees-

182 593 320 673 sariam,
346 596 383 657 R.
426 595 476 656 tta
504 594 688 674 legendum
712 613 786 656 esse
814 614 948 657 cense0.
997 595 1088 657 Nam
1119 595 1173 659 sic
1197 596 1260 658 ha-

183 702 305 765 bemus
342 701 491 764 eundem
527 721 631 783 quem
668 707 768 764 antea
805 701 1043 764 membrorum
1077 702 1257 765 ordinem:

182 809 353 871 honestum
371 845 414 852 -
432 808 507 870 utite
522 845 565 852 —-
582 807 811 870 necessarium.
860 809 899 870 lu
924 809 1045 871 ceteris
1070 808 1257 873 codicibus

181 915 266 979 ordo
292 916 381 978 male
405 922 649 978 commutatur.

273 1056 364 1123 10822
402 1055 519 1144 (20022)
560 1059 602 1137 n,
643 1061 696 1136 25,
738 1061 778 1120 75
817 1058 985 1141 oportebit,
1017 1059 1161 1122 R=C.
1209 1060 1257 1122 W

180 1171 300 1229 contra
324 1166 461 1229 codices
485 1165 520 1227 in
545 1170 669 1247 oportet
692 1171 724 1227 et
747 1165 804 1227 hic
829 1170 861 1228 et
891 1166 996 1247 paulo
1024 1165 1114 1228 infra
1148 1164 1255 1252 (1092)

180 1274 336 1336 correxit.
396 1274 496 1335 Hanc
530 1272 778 1336 correctionem
814 1271 1044 1335 necessariam
1083 1292 1160 1336 esse
1196 1274 1256 1336 vix

180 1380 395 1443 crediderim.
437 1381 525 1442 Nam
551 1379 742 1461 saepissime
766 1379 802 1441 in
827 1379 873 1442 de
897 1379 975 1441 inv.
993 1384 1154 1461 tempora
1168 1401 1255 1462 prae-

180 1507 259 1550 sens
284 1494 315 1550 et
339 1487 494 1549 futurum
520 1507 555 1550 se
580 1487 766 1569 excipiunt.
806 1488 854 1549 Ac
878 1486 907 1548 si
931 1486 1016 1568 quid
1038 1488 1255 1551 mutandum

179 1601 240 1673 est,
274 1595 389 1676 potius
421 1614 528 1676 quam
560 1594 647 1656 duos
683 1594 777 1656 locos
812 1613 934 1672 unum,
960 1589 1063 1672 10822,
1089 1594 1125 1655 in
1157 1615 1255 1677 opor-

179 1700 255 1763 tebit
277 1700 382 1785 (quod
408 1703 441 1762 M
467 1698 660 1783 confirmat)
684 1701 844 1781 corrigas.

270 1824 348 1890 1122
383 1824 500 1912 (20322)
538 1827 580 1905 ΙΙ,
616 1828 669 1904 28,
705 1829 746 1888 83
777 1846 878 1907 quom
903 1825 944 1888 sit
968 1825 1019 1887 itte
1038 1827 1256 1907 promeritus,

179 1935 216 1997 R.
236 1935 478 1998 Coniecturam
491 1936 621 2015 Kayser
629 1933 810 2016 proposuit
821 1953 923 2014 qnam
934 1932 976 1995 ait
989 1932 1075 1995 ittius
1088 1934 1253 2017 promeri-

176 2046 245 2104 tam
269 2061 376 2124 quam
394 2047 426 2103 et
443 2042 488 2103 W
505 2047 537 2102 et
556 2041 602 2102 Fr
625 2040 810 2122 accipiunt.
859 2040 925 2102 Sed
942 2060 1023 2103 cum
1040 2040 1076 2102 in
1093 2042 1255 2105 oratione

176 2155 268 2211 recta
299 2149 415 2230 potius
445 2147 589 2210 tortasse
614 2147 784 2210 diceretur
807 2146 909 2209 tentus
932 2167 991 2228 epo
1011 2146 1153 2230 punitas
1176 2169 1253 2212 sam

177 2275 279 2336 quarn
297 2256 388 2335 fait
412 2253 499 2317 iltius
519 2253 736 2336 promeritum
768 2274 916 2336 quam..
933 2304 939 2316 .
957 2274 1059 2335 quam
1085 2265 1146 2322 est
1162 2254 1254 2318 iltius

173 2383 294 2446 prom,
320 2362 429 2442 magis
455 2362 541 2425 mihi
566 2362 678 2443 placet
702 2361 863 2424 codicum
888 2361 989 2424 lectio
1014 2381 1117 2442 qaam
1140 2361 1184 2425 sit
1200 2363 1254 2426 itte

172 2468 380 2552 promeritus.
418 2469 520 2547 Quod
545 2465 694 2531 V¹P¹Sl
719 2467 807 2530 itlius
834 2468 975 2547 habent,
1007 2467 1053 2533 ad
1084 2468 1251 2533 similitu·

176 2576 292 2639 dinem
319 2577 494 2659 sequentis
520 2575 606 2637 ittins
630 2575 792 2638 exsistere
816 2576 938 2658 potuit.

268 2699 360 2764 11320
395 2697 512 2786 (20422)
549 2702 591 2781 11,
628 2703 680 2779 29,
709 2703 749 2762 87
783 2700 824 2762 sit
847 2702 1048 2784 exemptam,
1073 2701 1111 2764 R.
1148 2703 1250 2766 Bona

175 2811 250 2873 hacc
273 2809 374 2872 lectio
398 2808 543 2871 videtur.
591 2807 640 2870 Cf.
666 2808 760 2890 quod
784 2808 829 2869 W
852 2808 888 2870 in
913 2807 1140 2870 annotatione
1165 2829 1249 2873 con-

174 2916 265 2978 iecit:
298 2917 491 2998 exemptam.

266 3039 364 3116 11322Ι
387 3037 504 3125 (20422)
537 3041 579 3118 ΙΙ,
609 3043 662 3118 20,
687 3043 726 3102 87
753 3045 903 3122 sumptus
927 3039 1014 3102 enirn
1040 3041 1078 3102 de
1097 3042 1250 3123 pontico,

175 3150 202 3212 R
226 3151 309 3225 (om.
336 3147 394 3229 qui
416 3153 496 3229 post
512 3145 619 3232 enim).
655 3149 737 3209 Haec
753 3148 853 3209 lectio
871 3147 1075 3229 accipienda·
1096 3148 1248 3214 videtur.

175 3258 264 3318 Nam
299 3275 423 3337 parum
455 3256 566 3336 placet
602 3261 679 3336 post
710 3255 928 3316 enuntiatum
953 3254 1135 3317 relativum
1168 3256 1246 3320 bre-

172 3364 368 3441 vissimum,
393 3361 419 3423 is
451 3361 551 3438 illud;
588 3362 682 3443 quod
712 3381 776 3423 suo
807 3362 883 3424 loco
914 3361 987 3439 erit,
1019 3361 1047 3422 si
1073 3360 1131 3442 qui
1155 3365 1246 3426 omi·

173 3471 329 3532 serimus
390 3469 604 3531 Monendum
629 3468 732 3530 ctiam
758 3474 808 3530 est
832 3469 867 3530 in
892 3469 920 3529 V
945 3467 1003 3550 qui
1026 3460 1131 3549 supra
1158 3470 1246 3534 line-

171 3597 228 3640 am
253 3577 467 3659 adscriptum
493 3596 576 3639 esse.

263 3698 341 3765 1142
376 3698 492 3786 (20522)
536 3702 578 3778 ΙΙ,
622 3702 675 3778 29,
715 3701 757 3762 89
797 3720 838 3761 ex
878 3698 1065 3779 honestatis,
1102 3699 1139 3762 R.
1191 3703 1245 3765 Ita

172 3810 243 3871 iam
268 3811 408 3890 Kayser,
433 3808 508 3870 cod.
535 3807 641 3870 Leid.
668 3809 688 3868 2
712 3826 871 3888 sequens,
896 3806 1011 3868 edidit.
1047 3806 1151 3868 Haud
1168 3809 1245 3872 scio

163 3936 210 3979 an
241 3923 343 3999 recte,
376 3936 459 3980 nam
492 3915 598 3980 etiam
628 3914 673 3977 iis
704 3933 783 3996 quae
803 3913 971 3975 1210161111.
1015 3910 1110 3974 28522
1134 3915 1246 3979 habet
