2716 4254
594 204 770 264 ,41-

140 365 307 428 nilestunr
343 369 402 426 cst.
452 364 578 425 Contra
614 369 729 425 autern
762 369 864 425 esset:
915 363 1004 424 Puer
1027 361 1084 424 lric
1108 362 1213 425 nullis

141 454 321 534 laboribus
355 468 542 552 fatigatur,l
578 469 683 532 nullis
722 469 927 552 spectaculis
960 469 1159 549 delectatur,
1195 489 1214 532 a

142 578 235 641 senis
271 578 374 640 latere
410 596 603 666 numquam
640 576 847 658 disgreditur
879 594 985 639 neca
1010 596 1074 638 suo
1099 576 1214 639 studio

144 704 279 749 cessare
304 685 398 747 visus
424 690 483 747 est.
509 721 551 729 -
574 720 616 729 ·-
1108 667 1112 673 ¹

232 829 257 908 1,
286 831 325 891 10
348 827 371 911 ς’
390 831 427 890 17
447 827 545 890 trium
562 826 744 910 [portium]
761 847 909 890 numero.
947 828 1012 890 Hic
1029 827 1088 891 dat
1104 846 1212 910 quan·

88 1002 91 1007 ,
142 936 224 999 darn
249 935 462 1011 doctrinam3
492 935 624 998 dictum
649 935 802 1016 assignat
825 935 975 997 rationes
999 935 1104 998 huius
1129 954 1214 1016 prae-

142 1041 323 1126 ceptioniS,
340 1062 418 1124 quae
435 1042 577 1124 quidem
595 1042 771 1105 Ciceronis
788 1062 859 1105 non
877 1047 967 1104 sunt.
1007 1042 1078 1105 Nec
1095 1061 1213 1123 sump-

141 1157 185 1212 tae
214 1155 294 1212 sunt
328 1169 369 1212 ex
403 1149 518 1213 medio
551 1148 626 1213 foro
660 1155 691 1211 et
725 1149 769 1211 ab
806 1149 1060 1229 exercitatione,
1084 1148 1144 1211 sed
1169 1148 1213 1211 ab

143 1255 278 1338 angulis
303 1257 502 1319 scholarum
528 1264 568 1331 et¹
584 1256 628 1319 ab
650 1256 823 1339 imperitia
839 1256 1093 1336 magistrorum.
1112 1292 1153 1301 —
1171 1293 1215 1300 —

235 1400 261 1479 1,
287 1403 323 1462 11
350 1397 372 1483 ξ
399 1402 439 1462 18
465 1399 658 1464 constitutio
681 1405 726 1462 est
746 1398 869 1482 primo.
918 1398 1117 1481 Siquidem
1144 1417 1215 1461 om-

143 1505 199 1567 nis
223 1507 423 1569 constitutio
454 1507 546 1589 capit
568 1507 779 1570 vocabulum
804 1527 824 1569 a
849 1506 1073 1589 responsione
1097 1503 1213 1567 defen·

141 1612 241 1694 soris
272 1613 371 1695 quia,
396 1614 424 1676 si
449 1621 550 1695 negat
573 1614 716 1696 facturn,
740 1620 884 1678 vocatur
907 1612 1160 1687 coniecturalis,
1185 1612 1214 1674 si

141 1720 301 1783 concedit
333 1727 366 1783 et
394 1721 487 1784 dicat
510 1721 599 1784 iuste
623 1722 755 1802 fecisse,
780 1721 974 1804 appellatur
998 1719 1222 1802 iuridicialis.¹

142 1826 177 1888 Si
210 1827 253 1890 de
286 1834 408 1890 neutro
442 1829 501 1890 fiat
535 1829 721 1910 contentio,
755 1829 815 1891 sed
845 1828 887 1890 de
911 1828 1072 1891 vocabuli
1097 1826 1214 1889 delini-

140 1933 235 1997 tione
259 1941 395 1997 tantum
420 1935 650 2016 contenditur,
675 1937 713 1997 fit
730 1935 891 2017 legitima.
933 1935 975 1996 Et
991 1940 1130 2016 propter
1146 1934 1214 1996 hoc

140 2039 225 2103 dicit
260 2041 383 2124 ’prima
419 2042 636 2125 deprecatio',
672 2043 754 2124 quia
787 2042 866 2105 licet
894 2042 930 2104 in
960 2041 1080 2104 eadem
1106 2059 1211 2103 causa

140 2147 316 2211 interdurn
346 2150 571 2212 suboriantur
594 2149 671 2212 duae
696 2149 959 2212 constitutiones
984 2147 1138 2223 diversae,
1163 2153 1210 2210 tar

141 2274 222 2317 men
255 2256 347 2339 capit
371 2275 499 2319 nomen
524 2275 544 2318 a
568 2257 681 2339 prima
704 2257 929 2340 responsione
954 2254 1119 2331 accusati,
1143 2255 1211 2317 hoc

141 2361 264 2425 modo:
313 2362 492 2426 'Occidisti
517 2363 689 2443 Clodium,
714 2384 734 2426 o
760 2364 864 2427 Milo’.
910 2361 1043 2425 'Occidi
1068 2367 1100 2424 et
1123 2361 1211 2424 iuste

141 2467 227 2531 feci'.
276 2469 358 2532 Haec
383 2476 433 2532 est
457 2471 656 2534 constitutio
681 2470 894 2549 iuridicialiS‚
920 2469 999 2532 licet
1013 2468 1213 2531 suboriatur

140 2575 395 2657 coniecturalis,
425 2577 453 2639 si
483 2577 689 2660 respondeat
713 2578 798 2639 alter
820 2577 888 2639 hoc
912 2576 1032 2638 modo:
1070 2575 1211 2637 ’Iniuste

139 2681 262 2763 fecisti,
296 2683 378 2765 quia
413 2683 487 2766 ipse
516 2704 586 2746 non
610 2684 748 2747 volebat
772 2682 961 2746 interficere
985 2684 1038 2744 te’.
1088 2683 1211 2745 ’Immo
1310 2685 1318 2701 ⁸

141 2789 301 2853 volebat’.
351 2790 434 2853 Haec
458 2791 550 2852 enirn
576 2791 698 2853 ultima
723 2797 773 2853 est
798 2789 1049 2853 coniecturalis.

231 2933 256 3012 1,
284 2936 323 2994 12
347 2930 369 3016 ξ
393 2935 434 2995 22
460 2953 533 2995 reus
557 2930 670 2995 (ἰίοαί.2
718 2933 788 3012 llle,
813 2933 912 2995 cuius
937 2952 990 2994 res
1015 2938 1151 3012 geratur
1174 2931 1210 2992 in

140 3040 385 3119 controversia,
420 3040 491 3102 sive
520 3058 649 3103 nocens
674 3039 718 3101 sit
742 3040 813 3102 sive
838 3039 1014 3102 innocens,
1064 3040 1105 3101 Et
1129 3039 1211 3100 item

140 3144 170 3206 si
196 3144 294 3208 miles
319 3152 501 3209 accusatus
525 3146 570 3209 ad
594 3152 776 3229 praetorem
800 3145 892 3208 dicat
916 3165 951 3207 se
974 3165 1045 3208 non
1062 3145 1210 3228 praetori,

141 3250 202 3314 sed
226 3253 359 3314 censori
385 3253 577 3335 obligatum
601 3273 684 3316 esse.
725 3253 818 3315 Alias
842 3258 959 3315 tamen
975 3252 1211 3315 translationis

139 3358 291 3422 rationes
315 3360 432 3442 posuit
457 3360 574 3423 Cicero
600 3361 635 3422 in
660 3360 831 3424 rhetorica
854 3356 990 3436 veteri3⁸
1015 3365 1052 3420 ut
1067 3364 1151 3441 puta
1168 3357 1210 3420 de

140 3484 264 3547 poena,
297 3466 390 3529 velut
423 3467 451 3529 si
487 3467 565 3550 quis
596 3468 633 3529 in
657 3486 829 3531 carcerem
855 3471 1027 3529 correctus
1052 3464 1212 3528 ostendat

232 3714 242 3752 ¹
266 3722 413 3794 fatigatus
439 3724 459 3778 h
484 3725 515 3778 V.

232 3800 243 3838 ²
267 3811 343 3866 dicit
368 3815 464 3868 textus
488 3827 545 3868 rec.

195 3890 243 3963 1⁸
267 3898 311 3955 Cf.
336 3900 397 3956 Cic.
423 3901 461 3956 de
486 3901 546 3956 inv.
573 3902 594 3972 1,
619 3903 650 3956 11
676 3901 693 3970 ᾗ
718 3902 760 3957 16.
