2716 4254
615 203 791 266 -27.„

286 364 315 412 H
323 364 387 413 PB.
537 359 540 447 J
726 366 752 415 lt.
940 360 943 375 '
1104 366 1132 416 V.

149 455 190 502 De
215 453 400 517 conplexione
424 453 525 503 vitiosa
537 452 540 483 ¹
553 456 593 504 Dc
610 455 804 518 complexione
817 455 926 504 vitiosa.
941 450 943 507 ἱ
1064 473 1097 499 -.;
1109 457 1136 505 h.

186 543 251 591 un.
941 524 943 615 s

149 633 190 682 De
200 632 430 682 conclusionibus
439 633 535 682 totius¹
554 635 593 683 Dc
603 634 928 683 conclusionibustotius
941 678 943 699 ,
1065 652 1098 678 =
1109 636 1136 684 h¹

185 722 305 771 rationis
325 723 349 771 H
362 723 389 772 P.
589 724 758 786 argumenti.
941 704 944 811 i

150 812 191 860 De
210 811 430 876 amplificatione
450 811 473 860 H
487 812 515 861 P.

153 901 192 949 De
210 902 446 950 conmiseratione
466 902 498 950 ll.

153 989 193 1039 De
211 991 362 1040 commissa
374 991 485 1040 ratione
495 991 523 1040 P.
537 978 540 1051 l

606 1144 729 1215 Liber
752 1146 820 1215 111.

553 1296 593 1343 De
612 1305 712 1357 genere
735 1295 927 1345 deliberativo.

154 1387 195 1435 De
218 1399 301 1434 causa
324 1384 506 1434 deliberativa
553 1386 593 1433 De
613 1399 695 1434 causa
716 1384 898 1434 deliberativa

191 1475 215 1523 H
227 1474 255 1523 P.
589 1477 733 1523 tractatus,

554 1564 593 1612 Dc
612 1565 792 1628 argumentis,

555 1653 593 1701 Dc
613 1655 783 1703 narratione.

555 1743 593 1791 Dc
613 1742 758 1792 divisione.

152 1832 192 1880 De
206 1845 290 1881 causa
303 1831 525 1883 demonstrativa

188 1922 212 1970 H
224 1921 252 1970 P.

555 2011 593 2058 De
613 2009 834 2060 confirmatione,

555 2099 594 2147 Dc
614 2098 806 2163 dispositione.

554 2190 594 2237 Dc
613 2188 807 2251 dispositionis
829 2192 927 2242 ordine

590 2278 784 2329 dicendorum.

555 2368 594 2416 De
614 2369 851 2430 pronuntiatione.
1065 2387 1096 2410 =
1109 2370 1135 2417 h.

555 2457 594 2506 De
615 2457 794 2506 mollitudine
813 2460 897 2508 vocis.
960 2458 1278 2509 Devocismollitudine.

555 2548 595 2595 De
615 2551 694 2596 motu
714 2548 860 2611 corporali.
1066 2565 1098 2589 =
1111 2549 1140 2598 h.

556 2637 595 2685 Dc
616 2637 761 2687 memoria.
1066 2655 1098 2679 =
1112 2638 1139 2686 h.

556 2726 595 2774 De
616 2726 786 2789 imaginibus
796 2741 891 2776 rerum
902 2732 930 2777 et

592 2816 752 2866 verborum.

558 2905 597 2952 De
617 2905 787 2968 imaginibus
805 2908 903 2955 verbo-

593 3007 665 3042 rum.

557 3084 598 3131 De
617 3083 752 3132 electione
761 3078 794 3149 (.)
814 3085 910 3148 imagi-

540 3212 542 3236 ,
593 3186 670 3222 num.

608 3343 731 3414 Liber
753 3344 821 3414 IV.
913 3419 917 3427 ,

85 3488 96 3499 “
152 3491 259 3554 Figurae
277 3492 414 3540 orationis
433 3496 500 3541 sunt
540 3487 542 3575 l

188 3584 253 3630 tres.

151 3671 249 3719 Gravis
268 3670 365 3735 figura.
942 3684 944 3745 5

151 3760 192 3808 De
211 3759 347 3810 mediocri
367 3760 462 3824 figura.

150 3848 259 3898 Vitium
278 3848 313 3898 ad
333 3862 445 3914 gravem
459 3850 526 3915 tigu-
556 3852 596 3899 De
624 3850 778 3915 figurarum
806 3850 930 3900 vitandis
958 3852 1067 3900 Vitium
1086 3851 1121 3900 ad
1140 3864 1253 3916 gravem

187 3951 257 3990 ram·
591 3939 930 4006 vitiis.Etprimovitium
994 3941 1120 4008 figuram.
