2716 4254
576 202 776 260 -121-

136 356 267 439 patiens
295 357 414 421 onmia
439 377 499 439 per
522 378 565 419 aa
592 362 706 420 contra
731 359 849 440 negari
873 366 905 422 et
929 379 1032 421 saum
1058 358 1211 440 quidque

141 465 355 527 contrarium
380 465 531 535 habere„
900 472 903 476 '
1003 451 1007 459 ⁸

230 569 288 634 364
323 569 439 655 (142”(’)
477 573 501 650 Ι,
535 575 588 651 26,
625 575 667 634 38
703 572 831 636 occasio
855 573 983 652 madar,
1010 573 1046 635 R.
1095 573 1210 650 Quare

139 680 387 761 comprobatur
416 662 491 743 haec
521 679 632 759 lecti0‚
662 699 769 761 quam
800 680 961 762 quamvis
1010 677 1080 744 lilla
1124 679 1208 742 solis

141 786 257 850 adhuc
290 787 465 848 firmatam
499 787 646 850 editores
680 787 834 869 plerique
865 793 1075 869 receperunt.
1125 788 1211 865 Quae

142 900 261 957 contra
287 894 451 970 Stroebel,
476 895 496 957 l.
522 914 562 966 c,
588 915 620 976 p.
646 897 721 974 501,
745 893 838 973 dicit,
863 893 950 957 milri
974 893 1116 975 quidem
1138 912 1209 955 non

143 1002 359 1082 persuadent.

231 1104 288 1170 36⁸
305 1104 422 1190 (14225)
441 1109 466 1184 l,
484 1111 537 1186 26,
555 1110 596 1170 38
622 1113 743 1171 natura
770 1108 871 1191 ipsias
896 1107 958 1170 loci
981 1114 1010 1170 et
1034 1106 1210 1170 vicinitatis

140 1221 169 1277 et
193 1215 288 1278 totius
313 1213 455 1296 reqionis
479 1214 646 1295 qualitate,
672 1216 709 1279 R.
752 1211 793 1278 ld
810 1216 855 1278 W
870 1215 967 1297 (prol.
985 1236 1016 1296 p.
1036 1217 1090 1294 27)
1110 1214 1211 1277 facile

141 1321 306 1401 concedo,
341 1321 597 1384 subabsurdum
634 1342 707 1386 esse
741 1323 978 1404 gradationem
1012 1320 1076 1383 loci
1099 1320 1210 1402 ipsias,

115 1414 117 1417 ¹
144 1427 328 1499 vicinitatis,
366 1427 462 1491 talias
486 1427 637 1511 reqionis.
685 1431 800 1508 Quare
835 1449 946 1510 neque
982 1429 1082 1492 lectio
1117 1428 1210 1491 codi-

142 1555 221 1598 cum
268 1532 346 1597 saw
381 1555 492 1617 neque
527 1537 656 1601 codicis
687 1537 941 1619 Raccipienda
964 1536 1100 1599 videtur
1124 1536 1212 1614 (haec

141 1649 337 1724 suspectam
371 1661 510 1725 quoque
545 1664 666 1707 vocem
701 1644 858 1726 qualitate
893 1643 1045 1726 praebet).
1093 1644 1212 1725 Neque

141 1750 251 1831 magis
282 1750 393 1831 placet
421 1751 515 1832 quod
539 1752 584 1814 W
607 1753 661 1830 Fr,
688 1752 713 1812 P
737 1752 893 1815 codicem
918 1750 1037 1829 secuti,
1068 1750 1211 1832 scripse-

142 1864 235 1919 runt:
274 1862 396 1919 nalura
422 1857 523 1939 ipsias
548 1858 611 1920 loci
633 1864 662 1920 et
686 1857 851 1921 vicinitate
867 1857 964 1920 totius
980 1855 1132 1939 reqionis,
1150 1856 1210 1918 ubi

143 1984 185 2026 ne
220 1964 325 2026 verba
367 1963 531 2026 vicinitate
570 1964 666 2027 totius
709 1964 851 2048 reqionis
889 1964 1110 2027 subabsurda
1142 1962 1213 2025 sint

142 2091 269 2134 vereor.
338 2070 447 2134 Totius
487 2071 628 2154 reqionis
668 2070 847 2156 (qualitate)
885 2071 974 2133 nihil
1007 2071 1103 2132 aliud
1139 2089 1212 2132 esse

143 2185 225 2260 puto
263 2179 330 2241 nisi
366 2179 537 2260 glossema
573 2177 719 2259 (natura)
756 2178 857 2261 ipsias
893 2177 956 2240 loci
984 2183 1013 2240 et
1037 2175 1214 2239 vicinitatis

142 2285 384 2367 complectens
433 2286 632 2367 Legendum
657 2287 849 2368 igiturest:
884 2291 1007 2348 natura
1033 2282 1133 2365 ipsius
1150 2283 1214 2345 loci

143 2397 172 2454 et
196 2391 391 2470 vicinitatis;
415 2413 457 2454 eac
480 2392 532 2454 bis
556 2395 612 2455 &c

232 2496 305 2560 36ῑ6
326 2495 442 2582 (14234)
464 2501 488 2579 Ι,
507 2502 560 2578 26,
576 2502 618 2562 39
645 2505 680 2561 at
704 2498 908 2562 incredibilia
934 2497 1107 2561 videantur
1132 2497 1213 2584 adeo

143 2612 178 2668 at
211 2605 290 2685 iam,
326 2607 363 2669 R.
421 2607 496 2669 Hoc
529 2608 605 2670 loco
630 2607 789 2670 codicum
816 2606 949 2669 familia
977 2631 1003 2667 ω
1028 2604 1211 2668 lectionem

143 2713 320 2776 meliorem
338 2713 465 2776 habere
483 2714 569 2776 mihi
584 2713 729 2777 videtur.
754 2715 869 2792 Quare
886 2712 1035 2775 nimium
1051 2711 1210 2774 vetustio-

141 2820 237 2883 ribus
262 2820 442 2883 codicibus
466 2821 623 2883 tribuunt
643 2821 688 2883 W
710 2821 765 2901 Fr,
783 2820 887 2884 etiam
908 2819 966 2882 hic
986 2839 1045 2882 eos
1069 2837 1211 2900 sequen·
1301 2833 1303 2838 ’

141 2934 201 2989 tes
249 2926 368 3008 Neque
404 2927 496 2990 enirn
527 2928 714 2991 disiunctio
743 2927 801 2989 illa
832 2931 890 2989 aat
914 2931 1048 3008 propter
1073 2930 1209 2988 vetusta-

142 3039 204 3095 tem
245 3034 457 3096 obsoleverint
498 3034 796 3098 avt.incredibilia
833 3033 1005 3096 videantur
1039 3034 1131 3096 bona
1161 3039 1212 3096 est

142 3161 253 3223 neque
285 3141 353 3202 iam
381 3141 467 3204 illud
491 3143 538 3219 (al
563 3142 630 3205 iarn
656 3142 689 3204 in
714 3144 773 3214 &cl
797 3147 867 3204 tam
894 3142 981 3204 bene
1004 3147 1083 3223 post
1106 3141 1211 3203 verba

143 3247 346 3311 incredibilia
383 3248 557 3311 videantur
600 3249 762 3313 convenit
794 3268 900 3330 qaam
940 3249 970 3312 si
1001 3249 1146 3330 legimus
1176 3253 1212 3309 at

142 3355 347 3419 incredibilia
389 3355 563 3419 videantur
601 3361 630 3419 el
665 3355 742 3418 iam.
804 3356 968 3418 Mendum
1015 3355 1061 3416 ita
1095 3361 1208 3416 ortum

142 3483 215 3526 esse
239 3463 353 3541 creda,
378 3470 415 3525 ut
439 3463 475 3526 in
500 3469 559 3526 aut
582 3462 668 3547 (quae
692 3468 751 3525 avt
770 3469 904 3545 propter
928 3463 999 3539 vet.)
1023 3460 1209 3523 offendere·

142 3576 211 3646 tur3
233 3571 332 3632 facile
349 3570 441 3632 enim
459 3571 610 3653 aliquem
626 3570 740 3651 lugere
765 3570 877 3651 poluit
900 3570 1046 3630 alterum
1065 3571 1208 3628 autnon

142 3684 221 3739 ante
249 3671 335 3740 36¹⁷:
373 3681 433 3739 aut
463 3698 538 3759 qaoe
568 3677 635 3739 iam
665 3676 722 3739 div
746 3678 793 3739 &c
823 3653 872 3757 (ut
902 3675 957 3752 W,
989 3672 1073 3754 prol.
1099 3692 1130 3753 p.
1157 3675 1210 3751 27,

143 3791 231 3847 recte
268 3783 396 3867 monet)
432 3803 619 3849 occurrere.
681 3784 755 3845 Hoc
789 3788 848 3844 aut
881 3782 969 3843 male
999 3779 1209 3841 intellectum

142 3892 178 3953 in
202 3917 228 3952 ω
254 3898 304 3954 est
328 3890 484 3953 eiectum.
533 3891 701 3954 Codicum
730 3891 754 3952 C
779 3893 913 3973 tqraeter
944 3888 987 3967 R„
1007 3886 1113 3948 cuius
1134 3905 1219 3945 cmx-
