2716 4254
593 221 630 228 ψ
657 188 698 245 65
725 219 763 229 .-

138 342 279 405 tationis
319 343 413 421 dicit,
452 349 503 406 cst
542 342 720 406 dubitatio.
769 343 803 405 Si
843 342 975 424 aliquid
1015 342 1120 421 deest,
1159 348 1210 405 est

138 449 298 540 ἔκλειψις.
348 450 467 532 ltaque
493 449 621 513 diversi
646 450 779 512 colores
798 450 835 513 in
852 449 943 513 idem
962 449 1131 530 incidunt,
1149 451 1208 513 sed

140 563 280 638 propter
303 556 457 619 diversas
481 576 618 619 causas.
666 557 772 638 lgitur
788 556 933 619 infertur
948 557 1089 619 effectus
1106 558 1211 620 huius

140 663 283 741 coloris3
320 664 379 726 sed
415 670 527 746 potest
563 682 636 727 esse
669 663 758 745 talis,
789 664 884 747 quod
908 663 1038 726 Sestius
1062 664 1144 728 lacit
1166 665 1211 727 ad

138 788 248 852 genus
272 770 593 834 demonstrativum.
642 771 684 832 Et
708 777 759 833 est
784 772 970 834 vehemens
996 771 1039 834 ad
1057 790 1211 834 commo·

140 878 291 944 vendam
316 877 603 959 indignationem.

233 1022 288 1101 lV,
313 1022 355 1083 29
378 1019 401 1105 ξ
423 1024 465 1083 40
491 1019 668 1103 Expeditio
692 1026 737 1084 est
761 1018 861 1105 [cunr]
887 1022 1046 1104 pluribus
1071 1041 1211 1084 enume-

140 1128 224 1191 ratis
253 1148 313 1210 per
342 1127 570 1190 remotionem
601 1128 749 1190 aliorum
775 1128 859 1207 eius,
884 1125 999 1212 quold]
1024 1129 1212 1209 tendimus

142 1236 300 1318 prolatio.
350 1235 392 1297 Et
416 1233 451 1296 in
477 1235 544 1298 hoc
568 1234 681 1298 differt
706 1235 749 1298 ab
767 1235 826 1297 illo
843 1241 1014 1318 praecepto
1032 1254 1212 1318 argumen-

141 1342 294 1423 tationis,
328 1342 387 1405 uhi
421 1342 521 1423 plura
554 1342 712 1405 similiter
749 1348 997 1406 enumerantur
1017 1339 1062 1406 'et
1095 1344 1214 1406 omnia

143 1455 364 1513 removentur
396 1455 428 1511 et
456 1449 612 1528 infertur,
636 1449 730 1532 quod
755 1449 979 1513 intendimus.
1028 1450 1095 1512 lste
1119 1450 1215 1513 color

143 1562 194 1620 est
228 1557 265 1618 in
298 1556 491 1639 partitione.
540 1556 606 1620 Sed
641 1557 677 1618 in
711 1557 770 1619 illa
803 1556 974 1620 divisione
1004 1564 1153 1637 tantum,
1177 1558 1214 1621 in

143 1683 212 1746 qua
237 1664 327 1727 facta
356 1663 527 1727 divisione
551 1664 623 1727 sive
647 1664 907 1728 enumeratione
932 1684 1042 1727 unum
1067 1665 1112 1727 ab
1137 1664 1214 1726 aliis

144 1770 347 1853 expedimus
381 1771 539 1853 negando
570 1770 639 1852 illa,
664 1778 702 1834 ut
726 1770 898 1854 reliquum
923 1773 1115 1852 confirmet,
1148 1772 1215 1835 hoc

145 1878 264 1940 modo:
314 1876 371 1941 Sol
395 1885 454 1941 aut
478 1885 529 1941 est
552 1878 652 1941 albus
676 1885 737 1941 aut
760 1878 855 1960 niger
879 1885 938 1942 aut
963 1879 1078 1941 medio
1100 1879 1214 1941 colore

144 1986 328 2048 coloratus.
377 1985 442 2048 Sed
478 2005 547 2048 non
585 1985 686 2047 albus
717 2005 828 2067 neque
853 1986 966 2067 niger3
992 2003 1071 2066 ergo
1096 1985 1212 2048 medio

144 2093 259 2155 colore
298 2093 482 2156 coloratus.
530 2094 573 2156 Et
611 2093 662 2156 sic
698 2092 871 2175 expeditio
906 2099 957 2156 est
995 2092 1214 2156 confirmatio

146 2200 293 2262 alicuius
318 2206 600 2263 enumeratorum
624 2200 744 2264 ceteris
769 2200 935 2264 omnibus
959 2199 1154 2263 infirmatis.

237 2343 292 2422 1v,
317 2345 358 2406 29
382 2341 404 2427 ξ
428 2344 470 2405 40
495 2363 569 2406 cum
606 2342 791 2406 rationibus
815 2343 837 2406 i.
861 2363 888 2407 e.
915 2342 1073 2425 pluribus
1102 2341 1216 2404 causis

147 2450 366 2512 enumeratis.
415 2450 524 2527 Quasi
548 2451 688 2512 diceret:
731 2448 913 2531 Expeditio
935 2450 973 2511 lit
990 2469 1050 2532 per
1066 2449 1218 2531 partium

148 2557 424 2619 numerationem
461 2556 597 2636 divisio,
632 2577 782 2641 quarum
810 2556 951 2640 reliquae
981 2557 1217 2636 destruuntur,

148 2670 186 2725 ut
209 2683 280 2727 una
303 2664 542 2745 concludatur,
567 2685 673 2747 quam
698 2684 763 2728 nos
787 2666 961 2727 volumus,
993 2661 1218 2726 Enumeratio

147 2771 239 2834 dicta
272 2777 322 2834 est
352 2772 388 2833 in
419 2770 525 2853 priori
549 2771 751 2838 rhetorica.l
798 2773 838 2834 ln
862 2771 1086 2834 coniecturali
1110 2788 1217 2834 causa

148 2878 340 2959 plurimum
364 2879 465 2942 valet.

239 3004 294 3082 lV,
319 3006 361 3066 29
385 3002 407 3086 ξ
430 3005 473 3066 40
505 3008 563 3066 uut
591 3024 734 3066 uacuum
759 3041 803 3048 -
826 3040 871 3049 —-
894 3003 985 3081 Quia
1008 3022 1140 3066 vacuus
1168 3003 1219 3065 di-

149 3108 238 3172 citur
262 3128 350 3191 ager,
375 3110 404 3172 si
429 3111 593 3174 omnibus
618 3111 877 3194 possessoribus
907 3111 1053 3173 mortuis
1077 3111 1122 3173 ad
1148 3130 1220 3173 ma·

149 3237 215 3279 nus
251 3217 417 3300 principis
452 3219 505 3281 vel
536 3217 671 3281 domini
699 3225 904 3296 revertatur3
929 3225 1013 3281 tunc
1037 3218 1137 3280 illum
1161 3237 1220 3281 va-

148 3343 255 3386 cuum
277 3324 436 3387 dicimus.
461 3362 505 3370 -
528 3360 572 3371 -·
595 3362 639 3371 -
663 3332 713 3388 est
736 3326 830 3409 apud
854 3326 1009 3388 Tullium
1034 3325 1076 3387 de
1101 3324 1220 3405 aliqui·

149 3430 216 3493 bus
240 3432 392 3514 populis:
418 3439 586 3495 venerunt
610 3434 647 3495 in
671 3429 814 3497 vacua.²

240 3557 295 3637 lV,
320 3559 361 3619 30
385 3555 407 3640 ξ
431 3558 470 3619 41
501 3557 678 3621 Dissolutio
703 3559 753 3620 uel
775 3557 969 3620 dissolutum
1000 3562 1051 3619 est
1074 3556 1223 3620 diversa-

149 3683 228 3726 rum
262 3664 498 3727 clausularum
534 3663 607 3727 sine
638 3664 815 3748 aliquibus
839 3662 1147 3728 coniunctionibus
1171 3681 1222 3725 se-

241 3879 252 3916 ¹
278 3887 338 3941 Cic.
364 3887 403 3942 de
426 3887 487 3942 inv.
514 3888 535 3955 1,
559 3888 595 3942 29
618 3886 636 3953 ξ
658 3888 701 3942 45.
749 3877 762 3914 ²
786 3887 848 3943 Cic.
875 3888 914 3943 de
938 3887 989 3943 off.
1026 3888 1173 3957 1,7§2r.

1172 4013 1187 4058 5
